1968 2706
230 198 315 241 440
573 177 710 222 LIB.
752 176 848 221 VH.
902 169 1095 220 SECT.
1136 178 1229 219 ΠΙ.
1292 180 1518 221 CAusAE

227 281 300 318 rbus
317 278 333 316 (
348 277 400 326 ο)
419 305 431 324 ,
454 278 515 317 sed
544 278 581 314 in
607 277 742 315 femina
774 289 892 327 nuper
920 275 1042 315 vidisse
1062 278 1222 326 contigit
1241 306 1251 321 ,
1269 277 1329 315 cui
1352 276 1516 315 inmensa
1539 279 1664 326 portio
1684 303 1696 322 ‚
1727 280 1763 316 ἃ
1789 280 1849 316 in-

194 344 197 346 ’
233 338 443 383 credibilis,
477 337 559 375 recti
589 338 624 374 δι
656 335 804 376 laxioris
828 337 988 375 intestini
1022 337 1067 376 de
1090 349 1161 376 ano
1186 337 1432 377 descenderat.
1479 338 1576 377 Cum
1617 336 1715 374 enim'
1748 350 1767 376 a
1789 339 1846 377 Cl.

228 402 313 438 *viro
339 398 502 449 Jalapam
526 423 538 441 ,
566 410 585 436 a
613 409 673 434 nie
698 399 822 435 mitius
851 398 990 434 nitrum
1007 426 1017 441 ,
1046 397 1150 436 nudo
1170 423 1183 443 ,
1204 395 1410 440 [uberrimo
1430 422 1443 442 ,
1478 399 1514 436 δε
1544 396 1639 435 ficco
1672 396 1759 434 colo
1791 399 1848 435 in-

228 460 362 498 testino
393 456 590 507 inspersum
615 456 757 501 fuisset,
783 457 948 507 undique
975 457 1109 508 aquula
1141 456 1187 495 de
1218 458 1419 495 innumeris
1443 459 1544 509 poris
1576 457 1694 495 rubrae
1723 456 1759 493 Sc
1784 456 1846 495 de-

229 520 375 558 nudatae
407 517 542 555 villosae
572 519 705 555 tunicae
729 517 895 562 sudavit,
923 524 963 555 ut
986 523 1110 555 totum
1136 516 1208 555 late
1232 516 1549 555 commadesceret.

316 577 431 615 Porro
461 605 471 620 ,
502 589 588 615 cum
625 579 841 615 interiorem
866 575 1054 624 vesicam,
1099 574 1390 626 continuamque
1427 578 1612 615 urethram
1646 574 1844 614 lenissimus

226 650 358 677 mucus
383 637 532 675 modice
559 637 716 675 obliniat
738 666 750 686 ‚
777 638 879 684 cujus
911 636 1004 674 nihil
1027 636 1230 687 quidquam
1264 636 1310 672 de
1337 636 1470 684 glande
1504 636 1576 674 sani
1600 637 1665 674 viri
1690 635 1845 673 destillet

227 709 392 746 unquam
415 724 427 740 ‚
456 698 546 735 acris
585 699 801 747 quicunque
827 697 950 746 liquor
977 725 986 739 ‚
1016 699 1054 735 in
1090 695 1253 734 sanissimi
1284 695 1446 733 hominis
1478 708 1610 745 penem
1636 695 1798 746 inpulsus
1827 723 1838 739 .

224 758 424 807 copiosum
446 756 644 795 subrubelli
672 786 684 801 ,
737 757 857 794 tenuis
890 785 901 800 ‚
944 756 1125 808 calidique
1152 755 1320 794 humoris
1353 755 1532 794 effluxum
1564 768 1641 794 non
1669 753 1742 792 fine
1773 755 1840 794 do-

223 818 305 855 lore
335 819 416 855 ciet.
1789 812 1797 831 ¹*

308 875 447 914 Iterum
471 888 537 926 per
558 875 758 914 universam
789 882 912 914 cutem
935 874 1059 915 sebum
1079 874 1227 926 quidem
1246 875 1464 918 modicum,
1496 876 1532 912 &
1557 875 1676 913 tenuis
1701 865 1839 911 homor

217 936 463 986 perspirabilis
484 936 517 972 se
540 934 722 973 diffundit.
755 936 793 973 Si
818 948 906 973 vero
932 935 1092 984 ejusdem
1121 936 1213 972 cutis
1241 935 1448 983 cuicunque
1469 936 1611 983 regioni
1633 945 1732 971 acres
1757 933 1840 971 her-

218 997 304 1041 bas,
332 1004 371 1033 ut
402 996 645 1032 ranunculum
672 996 837 1044 palustrIs
869 996 940 1047 apii
973 995 1066 1033 folio
1096 1021 1106 1040 ‚
1141 1002 1203 1032 aut
1225 994 1477 1033 cantharidum
1517 995 1680 1033 tritarum
1708 993 1833 1042 pulve-

215 1068 293 1093 rem
315 1086 324 1099 ‚
350 1063 412 1092 aut
434 1054 542 1092 salem
569 1055 728 1104 aliquem
759 1055 967 1092 lixiviosum
993 1067 1058 1105 per
1089 1054 1232 1104 aliquot
1256 1054 1364 1092 horas
1402 1054 1618 1105 imposueris
1645 1083 1655 1098 ,
1685 1062 1748 1092 aut
1773 1053 1835 1091 de·

214 1128 319 1153 mum
349 1117 500 1164 ignem,
538 1123 724 1165 tamquam
757 1115 941 1153 stimulum
973 1116 1143 1153 omnium
1167 1114 1457 1164 potentissimum
1476 1138 1487 1160 ,
1505 1117 1675 1151 cominus
1704 1114 1835 1151 admo-

213 1177 337 1221 veris,
370 1174 578 1213 incredibili
612 1175 795 1213 celeritate
823 1176 983 1212 enormis
1015 1176 1066 1213 vis
1103 1173 1269 1211 humoris
1300 1174 1346 1212 de
1378 1174 1469 1211 cutis
1497 1172 1648 1210 vasculis
1677 1172 1829 1210 secerni·

214 1245 274 1275 tur
298 1265 308 1280 ,
337 1238 400 1286 qui
423 1235 691 1285 epidermidem
716 1234 779 1271 fibi
803 1263 812 1277 ,
847 1242 888 1271 ut
912 1234 1056 1271 videtur
1079 1261 1089 1277 ‚
1124 1245 1203 1270 non
1245 1233 1324 1270 satis
1353 1231 1515 1283 patulam
1536 1260 1547 1276 ,
1586 1231 1633 1271 de
1663 1239 1747 1272 cute
1776 1244 1832 1270 re-

212 1297 347 1347 pellit‚
381 1303 489 1345 atque
508 1295 546 1331 in
579 1294 868 1343 hemil'phaericas
900 1291 1014 1331 bullas
1048 1294 1153 1343 cogit
1176 1291 1319 1331 elevari.

301 1356 456 1402 Quanto
478 1366 566 1391 vero
592 1353 745 1392 celerior
776 1366 816 1391 ea
850 1352 1002 1391 secretio
1032 1352 1072 1391 fit
1090 1382 1099 1396 ,
1132 1365 1242 1403 quam
1267 1353 1341 1390 sani
1366 1350 1530 1390 hominis
1562 1352 1778 1402 perspiratio
1808 1379 1821 1398 ,

208 1415 289 1453 satis
312 1415 469 1464 adparet.
517 1415 553 1451 Si
577 1413 762 1463 posueris,
789 1413 834 1451 de
861 1421 938 1452 tota
968 1420 1050 1452 cute
1077 1413 1242 1464 undique
1274 1413 1450 1463 ampullas
1473 1412 1664 1452 abscedere
1686 1442 1695 1457 ,
1723 1412 1829 1462 quod

206 1486 476 1524 nonnunquam
504 1473 699 1512 tristiffimo
728 1481 865 1511 eventu
891 1502 901 1517 ,
941 1475 980 1511 in
1009 1475 1149 1523 magnis
1185 1473 1474 1511 ambustionibus
1505 1472 1633 1510 factum
1669 1473 1719 1510 est
1752 1484 1761 1510 τ
1801 1471 1828 1510 fi

206 1546 329 1572 earum
363 1533 606 1583 ampullarum
640 1533 872 1572 altitudinem
901 1534 964 1573 sex
1002 1534 1183 1571 linearum
1210 1533 1337 1572 feceris
1363 1562 1373 1577 ,
1419 1545 1499 1583 quae
1525 1534 1617 1570 intra
1647 1532 1731 1570 ocio
1759 1533 1828 1569 mi·

204 1602 290 1631 nuta
325 1594 426 1631 horae
452 1595 495 1631 ab
525 1606 617 1644 aqua
642 1594 844 1632 ebulliente
865 1593 1015 1631 admota
1048 1592 1281 1631 efflorescunt
1305 1603 1313 1629 τ
1345 1592 1368 1629 fi
1388 1594 1481 1631 cutis
1518 1591 1741 1642 superficiem
1775 1603 1823 1639 15

203 1654 358 1703 pedibus
385 1655 610 1692 aestimaveris
638 1665 651 1701 ς
678 1653 827 1691 habebis
857 1656 1110 1692 excretionem
1141 1666 1190 1692 10
1218 1653 1408 1691 unciarum
1444 1664 1545 1703 aquae
1565 1681 1574 1695 ,
1602 1651 1714 1701 qualis
1747 1652 1827 1701 qui-

201 1713 287 1751 dem
319 1726 372 1761 24
397 1714 497 1751 horis
525 1715 737 1752 continuata
768 1714 954 1753 exhalatio
976 1714 1021 1752 ad
1053 1725 1104 1767 75
1139 1715 1175 1751 in
1195 1713 1286 1751 hora
1319 1713 1443 1752 uncias
1474 1712 1683 1762 perveniret
1709 1740 1719 1755 ,
1745 1721 1821 1761 quo

201 1780 369 1822 tempore
400 1776 438 1809 in
465 1774 603 1811 eodem
627 1773 780 1810 homine
812 1786 889 1811 non
912 1775 1014 1823 supra
1042 1784 1112 1811 tres
1140 1775 1266 1811 uncias
1299 1773 1527 1823 perspiratur.

297 1831 416 1880 Hujus
450 1833 611 1870 enormis
639 1832 676 1868 in
709 1832 927 1869 secretiones
960 1834 1135 1881 potentiae
1171 1831 1312 1868 causam
1347 1831 1544 1879 sedemque
1573 1836 1614 1867 ut
1645 1829 1823 1878 explore-

199 1904 300 1935 mus,
314 1893 380 1930 alia
405 1898 573 1940 praeterea
586 1891 794 1928 irritationis
816 1891 983 1940 exempla
1004 1889 1243 1928 considerasse
1272 1896 1422 1939 oportet
1442 1919 1452 1933 ,
1471 1891 1508 1927 in
1533 1889 1664 1938 quibus
1681 1890 1718 1928 in
1740 1897 1823 1928 toto

198 1951 348 2001 quidem
380 1963 521 2000 organo
553 1951 774 2000 separatorio
804 1950 895 1988 nihil
922 1957 1098 1988 mutatur.
1132 1962 1253 1997 neque
1270 1949 1365 1987 ullus
1394 1949 1558 1987 stimulus
1578 1948 1819 1992 admovetur,

197 2016 233 2049 δι
260 2022 382 2049 tamen
413 2024 431 2048 a
456 2024 552 2049 mera
583 2012 616 2048 vi
646 2012 855 2048 irritationis
885 2011 1052 2048 humoris
1081 2015 1246 2048 excretio
1266 2039 1275 2053 ,
1304 2010 1339 2047 δι
1363 2008 1539 2058 separatio
1565 2017 1819 2060 promovetun

196 2071 507 2119 binipliciffimum
531 2072 745 2121 exemplum
770 2072 819 2109 est
844 2071 962 2108 salivae
988 2072 1025 2107 in
1054 2070 1138 2108 sano
1168 2070 1320 2108 homine
1334 2070 1380 2106 ad
1399 2068 1556 2106 odorem
1576 2096 1586 2111 ‚
1607 2068 1664 2104 vel
1686 2068 1730 2106 ad
1750 2081 1818 2106 no·
1854 2114 1858 2116 μ

196 2145 279 2171 nien
312 2134 419 2168 etiam
450 2133 543 2180 grati
568 2131 720 2174 ferculi,
748 2132 794 2170 de
824 2130 930 2169 duffilu
962 2130 1139 2168 maxillari
1175 2128 1402 2179 prosilientis.
1446 2126 1556 2166 Aliud
1580 2129 1617 2164 in
1647 2127 1817 2166 lacrumis

195 2194 270 2236 eli,
301 2203 454 2240 quarum
478 2192 715 2228 secretionem
747 2201 807 2229 aut
839 2192 971 2234 tristis,
1003 2198 1064 2229 aut
1089 2192 1243 2228 nimium
1267 2189 1372 2240 super
1407 2199 1558 2224 omnem
1582 2187 1682 2235 spem
1714 2189 1816 2225 laetus

194 2254 367 2292 nuntius⁹
386 2251 536 2298 perinde
564 2252 790 2301 praecipitat,
824 2260 863 2288 ut
892 2252 1025 2288 famosa
1054 2264 1171 2300 cepe,
1201 2249 1335 2286 aerisve
1365 2247 1496 2285 fumus.
1535 2245 1606 2283 Sed
1625 2248 1733 2285 etiam
1758 2257 1827 2286 ve-·

195 2324 308 2350 neteae
341 2310 429 2348 ideae
452 2312 489 2347 in
517 2309 720 2348 somniante
750 2311 962 2361 frequenter
983 2309 1172 2350 difficilem
1197 2308 1297 2347 illam
1322 2308 1490 2362 alioquin
1515 2305 1658 2346 seminis
1686 2320 1812 2347 excre-

1665 2369 1807 2408 tionem

277 2469 343 2503 (03
374 2469 476 2498 Second
502 2467 662 2507 Alenusm·
682 2470 718 2500 les
742 2472 816 2505 part.
838 2469 914 2498 :rsit
945 2467 1108 2509 &stnlihh
1132 2468 1209 2509 Exp.
1230 2479 1302 2507 415.
1330 2480 1401 2506 4²0,
1427 2481 1497 2508 425.
1526 2479 1601 2508 4ςο-
