1968 2706
283 197 369 237 256
509 182 556 228 Ι.
601 186 665 227 vi.
707 175 912 226 SECT.
945 181 1009 226 ΙΙ.
1071 184 1341 227 SANGUINIS
1384 184 1474 226 PER
1512 185 1750 228 ARTERIAS

379 284 536 332 Quoties
561 295 694 332 nempe
720 281 851 333 pulmo
881 295 1101 333 quacunque
1131 283 1176 321 de
1202 284 1300 321 causa
1318 313 1328 328 ‚
1351 296 1369 321 a
1401 283 1541 333 polypo
1561 312 1570 326 ‚
1603 285 1782 332 glandulis
1809 285 1886 324 scit·²

294 343 429 388 thosis,
468 340 605 392 spasmo
640 342 733 380 forte
765 356 899 381 nerveo
932 345 1131 392 impeditur
1155 373 1164 387 ,
1198 356 1316 392 neque
1348 343 1489 392 sanguis
1522 344 1692 392 expedite
1712 359 1731 382 a
1759 345 1888 384 dex-tro

297 405 503 443 ventriculo
534 401 569 440 in
602 401 774 440 finistrum
795 404 891 440 venit
910 432 919 447 ,
938 414 1059 452 neque
1082 404 1226 440 interim
1244 415 1397 451 magnus
1417 404 1451 439 ἂ
1479 403 1613 439 febrilis
1635 412 1784 441 conatus
1815 406 1887 443 san-

298 467 446 513 guinem
473 475 535 512 per
559 462 756 514 pulmones
777 470 903 511 urget,
930 471 1018 501 tunc
1044 460 1170 511 utique
1206 464 1323 511 pullus
1356 474 1439 500 cum
1465 464 1552 500 vitio
1581 475 1676 500 rarus
1709 466 1784 500 erit.
1814 464 1889 502 Ne-

297 536 368 572 que
397 524 494 560 enim
521 524 646 559 arteria
667 522 878 570 sanguinem
898 524 1073 570 accipiet,
1092 534 1210 571 neque
1231 523 1364 559 medici
1379 523 1511 570 digitus
1538 524 1610 570 ejus
1641 522 1890 560 dilatationem

297 585 333 619 in
352 595 462 631 carpo
487 582 646 625 sentiet,
679 582 828 631 quando
853 582 896 618 ad
930 590 1066 619 aortam
1098 581 1277 629 sanguinis
1314 583 1456 630 parcior
1487 583 1593 630 copia
1628 584 1725 618 venit
1760 595 1767 618 :
1811 595 1890 619 non

296 644 419 679 veniet
444 651 590 686 autem,
627 640 691 678 nisi
719 654 784 691 per
805 642 1023 692 pulmonem
1052 640 1096 677 ad
1121 640 1268 678 sinistras
1297 641 1462 689 corporis
1493 652 1616 678 caveas
1646 642 1700 678 via
1737 642 1888 691 patebit.

295 701 394 750 Ergo
408 700 585 738 anhelofis
605 701 722 750 pulsus
739 713 837 738 rarus
857 701 936 755 (q)
968 708 1007 737 ut
1028 701 1063 736 in
1082 701 1295 748 amplislimo
1319 700 1400 737 sene
1414 728 1423 741 ,
1445 700 1665 738 vehementis
1683 702 1720 737 in
1740 701 1893 738 asthma-

296 762 340 798 tis
358 760 575 810 paroxysmo
597 789 606 804 ‚
638 773 713 797 non
745 760 884 797 dudum
914 759 998 797 vidi.
1061 759 1215 797 Homini
1242 789 1251 802 ,
1283 763 1341 796 cui
1373 759 1513 807 sangnis
1545 759 1762 796 craffiffimus
1802 772 1891 798 con-

297 822 404 857 tinuo
434 820 634 867 cogebatur
657 847 669 863 ‚
701 824 972 868 quamprimum
1003 833 1049 857 ex
1070 831 1158 856 vena
1187 818 1363 860 fluxerat,
1387 819 1479 855 &in
1511 820 1612 866 cujus
1638 819 1809 857 cadavere
1829 831 1890 856 au·

294 880 417 917 riculae
438 879 579 916 sinistrae
603 880 699 917 auCta
726 887 799 916 erat
820 881 970 922 cavitas,
1004 879 1125 928 pulsus
1142 907 1151 921 ‚
1189 879 1277 915 dnm
1304 879 1422 921 vixit,
1446 878 1594 915 fuerunt
1621 891 1638 916 a
1674 890 1721 921 23
1757 879 1801 916 ad
1834 890 1882 925 35

301 939 384 987 (r)
406 965 416 983 ,
447 950 521 987 quo
548 950 702 974 numero
728 951 915 987 nunquam
942 941 1123 975 minorem
1150 945 1210 975 aut
1238 937 1337 980 vidi,
1369 944 1430 973 aut
1460 938 1609 986 usquam
1638 937 1721 986 legi.

368 998 488 1045 Major
515 998 550 1034 δι
583 998 706 1034 vitiosa
733 1010 803 1034 una
829 1000 950 1034 raritas
984 999 1020 1034 in
1048 997 1150 1046 pulsu
1181 997 1230 1033 est
1253 1023 1264 1040 ,
1295 1009 1374 1046 quae
1403 996 1613 1034 intermistio
1641 998 1772 1034 dicitur
1802 1025 1811 1039 ,
1853 996 1888 1032 ἃ

295 1061 396 1106 cuius
421 1069 482 1106 par
511 1058 666 1094 omnino
700 1057 797 1093 causa
822 1057 891 1101 est,
919 1057 1098 1105 sanguinis
1141 1068 1277 1104 nempe
1305 1057 1411 1092 etiam
1444 1057 1586 1104 parcior
1619 1058 1655 1092 in
1690 1064 1787 1093 aorta
1823 1068 1889 1107 pe-

292 1130 360 1155 nus
390 1143 401 1162 ,
430 1128 539 1165 quam
578 1117 614 1153 in
660 1128 739 1153 raro
780 1116 881 1164 pulsu
922 1116 997 1153 fuit.
1049 1114 1146 1163 Eigo
1189 1116 1225 1151 in
1259 1114 1503 1159 afnimands,
1549 1116 1653 1151 &in
1693 1117 1888 1164 peripneu-

290 1178 448 1214 monicis
474 1172 587 1227 (s),
617 1176 654 1212 δε
680 1177 717 1212 in
747 1173 923 1212 anhelofis
960 1173 1107 1224 quidem
1136 1173 1304 1212 haetenus
1339 1186 1422 1211 cum
1457 1176 1591 1211 minori
1615 1176 1778 1223 periculo
1807 1173 1893 1224 pul*

292 1238 347 1274 sus
375 1236 609 1278 intermittit,
640 1241 680 1271 ut
701 1235 882 1271 medelam
915 1246 934 1271 a
965 1245 1055 1272 vena
1095 1234 1203 1270 incisa
1236 1235 1274 1270 id
1310 1233 1451 1270 malum
1482 1234 1637 1282 accipiat
1671 1233 1751 1280 (τ)
1784 1232 1887 1282 quod

290 1298 494 1333 maximum
526 1305 700 1331 terrorem
721 1294 930 1331 incutiebat.
993 1293 1045 1330 Ita
1083 1293 1126 1330 ab
1162 1291 1261 1330 offeo
1292 1292 1574 1341 diaphragmatis
1601 1301 1729 1329 centro
1767 1292 1888 1340 pulsus
1922 1332 1929 1333 ἶ

290 1357 534 1393 intermittens
559 1361 681 1392 ortum
714 1353 818 1390 duxit
841 1349 944 1401 <u):
975 1352 1010 1388 &
1040 1364 1058 1389 a
1087 1350 1253 1401 polypo,
1278 1354 1339 1401 qui
1379 1364 1548 1400 magnam
1582 1353 1746 1389 arteriam
1781 1352 1888 1388 obtu-

290 1421 426 1452 raverat
446 1412 463 1460 (
482 1424 509 1450 κ
523 1413 540 1460 >
556 1442 566 1457 ,
586 1413 621 1449 &
641 1424 659 1449 a
673 1411 821 1449 valvulis
846 1418 956 1448 aortae
981 1412 1073 1448 ostio
1100 1410 1296 1459 praepofitis
1315 1411 1366 1461 (y
1385 1408 1405 1462 )
1423 1440 1432 1455 ,
1459 1422 1542 1460 quie
1570 1409 1701 1449 osseam
1726 1417 1888 1446 naturam

291 1475 509 1515 induerant,
545 1479 586 1511 ut
617 1473 654 1509 δε
685 1472 723 1508 in
748 1478 887 1508 aortam
918 1469 1059 1520 parcius
1087 1470 1229 1519 sanguis
1259 1473 1399 1509 veniret
1427 1496 1439 1515 ‚
1467 1468 1504 1508 &
1530 1471 1566 1506 in
1589 1482 1653 1506 cor
1679 1467 1796 1518 ipsum
1825 1481 1888 1506 co-

291 1540 437 1581 geretur
463 1530 581 1571 redire
599 1558 610 1577 ‚
636 1531 672 1568 ὅτ.
696 1543 714 1568 a
744 1531 859 1579 gibbo
886 1530 1073 1582 pulmonis
1098 1529 1301 1567 libertatem
1323 1531 1510 1567 minuente
1541 1529 1595 1579 (y
1611 1523 1675 1579 *).
1698 1528 1739 1567 ln
1758 1528 1858 1565 senio
1873 1556 1886 1571 ‚

292 1592 335 1630 ab
360 1598 461 1629 aorta
484 1591 577 1629 forte
609 1590 752 1628 dilatata
784 1591 819 1627 ὃς
848 1591 1079 1638 cartilaginea
1102 1615 1114 1634 ‚
1142 1590 1261 1637 pulsus
1287 1586 1533 1628 intermittens
1560 1591 1611 1632 (z
1628 1587 1652 1635 ).

379 1650 553 1689 DeterIOr
579 1650 681 1688 causa
708 1650 757 1686 est
776 1678 786 1693 ,
819 1662 898 1699 quae
919 1662 938 1686 a
967 1649 1078 1686 corde
1105 1649 1293 1686 debilitato
1317 1650 1506 1698 provenit,
1536 1647 1637 1696 quod
1657 1659 1804 1695 parvum
1828 1646 1884 1682 sti-

292 1710 435 1748 mulum
457 1721 534 1747 non
557 1710 722 1759 percipit.
771 1707 824 1745 Ita
859 1710 895 1745 in
934 1707 1089 1757 pessimis
1118 1708 1278 1745 febribus
1310 1736 1320 1750 ‚
1349 1707 1493 1744 vitalem
1521 1709 1591 1742 vim
1620 1707 1765 1753 penitus
1793 1705 1884 1741 fran-

291 1769 462 1819 gentibus
485 1797 494 1813 ‚
522 1769 644 1818 pulsus
673 1768 722 1805 ita
753 1765 898 1816 penitus
926 1768 1132 1805 intermittit
1157 1791 1169 1811 ,
1200 1774 1241 1805 ut
1270 1778 1364 1816 pene
1389 1765 1512 1804 nullus
1543 1763 1690 1814 superfit
1712 1790 1725 1807 ,
1768 1764 1887 1814 qualia

1847 1834 1888 1860 mi

373 2003 444 2042 (q)
466 2001 490 2032 Z
504 2012 572 2032 1-:cc
592 2011 611 2031 n
627 2010 639 2029 ι
661 1999 749 2038 constl.
764 2003 860 2031 medic.
881 2010 910 2039 p.
928 2003 994 2030 181.

371 2047 411 2079 (r
426 2047 437 2079 )
461 2043 488 2072 H
501 2053 515 2072 R
527 2055 546 2072 N
562 2053 582 2073 Κ
598 2053 613 2072 ε
626 2053 644 2071 L
665 2041 723 2072 IV.
748 2044 889 2080 Samffung.
917 2053 946 2080 p.
971 2046 1021 2074 46,
1246 2076 1252 2083 ·

328 2123 346 2159 f
371 2087 436 2120 (s)
464 2083 568 2122 Saepe,
593 2087 620 2114 δι
642 2083 732 2114 ulmis
753 2084 929 2123 frequenter
954 2081 1030 2112 vidi.
1065 2077 1102 2109 In
1129 2077 1294 2118 pleuritrde
1314 2079 1381 2115 Eph.
1420 2081 1491 2109 Nat.
1524 2081 1591 2108 cur.
1617 2080 1684 2108 Dec.
1715 2075 1739 2105 I.
1764 2086 1830 2106 ann.
1859 2086 1886 2105 2.

293 2127 345 2155 οΙι.
373 2137 439 2160 237-

318 2159 327 2164 ⁷
372 2170 436 2203 (t)
463 2165 556 2196 Conf.
578 2164 602 2193 B
618 2174 637 2194 Α
652 2173 863 2195 RTuoan
888 2162 947 2202 hist.
975 2172 1024 2196 42.
1056 2163 1130 2192 Cent.
1159 2161 1218 2193 IV.

371 2210 437 2244 (u)
464 2211 569 2244 Jnnrn.
594 2208 641 2235 des
665 2209 770 2236 Savnn¹
804 2215 888 2243 ¹75¹·
918 2203 964 2234 Μ,
992 2204 1072 2241 Sept.
1498 2239 1504 2245 1
1713 2239 1719 2244 .

368 2252 439 2287 (x)
468 2251 679 2277 KLAUNro
707 2245 848 2285 Nofhcom.
873 2246 933 2275 obs.
963 2256 990 2281 4.
1030 2244 1216 2283 Frequenter
1244 2242 1322 2271 hanc
1357 2242 1457 2281 pulsus
1497 2240 1736 2273 mtermittentis
1768 2238 1886 2270 causam

286 2290 341 2320 csse
368 2291 402 2321 M
419 2302 436 2319 Λ
449 2301 471 2320 u
486 2301 502 2317 (J
519 2300 535 2317 zi
552 2299 568 2317 A
583 2299 603 2318 R
617 2298 639 2318 T
672 2290 703 2317 de
723 2286 803 2326 profic
830 2289 921 2324 erepit.
957 2296 985 2315 n.
1013 2296 1061 2315 21.

375 2335 442 2369 (y)
468 2330 492 2360 (ἰ
505 2340 570 2359 ow
588 2339 606 2358 1²
620 2341 636 2359 E
649 2340 670 2360 R
694 2328 790 2366 philost
818 2325 906 2366 trans
933 2337 959 2356 n.
989 2337 1056 2363 2>9-
1083 2326 1109 2358 L
1125 2335 1183 2357 un
1197 2334 1248 2355 wx
1264 2334 1282 2354 G
1300 2326 1438 2365 patholog,
1470 2333 1498 2363 p.
1525 2331 1597 2362 ης».

369 2374 462 2406 (21³³)
493 2371 621 2401 Lunw
639 2381 681 2400 [G
707 2371 779 2400 ibini.

367 2406 439 2451 (z)
468 2414 541 2443 Phil.
572 2410 675 2451 Tranf
695 2421 724 2442 ι).
755 2417 824 2447 405.
849 2409 881 2441 in
900 2407 1024 2440 homine
1058 2418 1115 2447 ¹39
1143 2418 1311 2440 annorum..
