1968 2706
440 168 691 218 ‘MOTUS
753 172 1288 224 PROGRESSIVUS.
1606 186 1685 225 335

170 266 308 313 Contra*
335 275 375 311 in
401 273 642 323 exspiratione
675 272 816 319 sanguis
848 271 884 306 in
914 270 1108 320 pulmones
1141 268 1352 319 conpressos
1385 266 1563 307 difficilius
1594 272 1686 309 reci-

82 334 184 384 pitur
201 359 212 377 ,
238 331 421 371 difficilius
444 334 537 371 adeo
560 345 624 371 cor
645 331 815 369 dextrum
833 329 866 366 se
893 330 1038 381 deplet,
1064 331 1202 378 stagnat
1222 330 1362 378 sanguis
1386 329 1422 364 in
1446 331 1544 366 venis
1564 332 1679 374 cavis,

85 395 123 430 in
149 405 235 429 vena
265 394 445 440 jugulari,
477 395 513 429 in
544 392 693 430 cerebro
725 390 876 427 demum
911 396 992 426 toto
1012 419 1020 431 ‚
1055 399 1163 439 atque
1197 389 1287 426 adeo
1324 388 1415 424 smus
1445 389 1610 432 cerebri,
1648 391 1684 427 δε

85 464 184 490 venae
207 453 389 500 jugulares
418 452 663 489 intumescunt
693 479 703 493 ‚
738 449 840 499 quod
865 460 883 485 a
912 449 1073 486 minimis
1101 446 1252 486 vasculis
1280 448 1490 497 sanguinem
1518 450 1683 500 accipere

86 521 264 560 pergant,
292 514 457 549 emittere
483 516 674 560 nequeant.

173 571 228 607 Ad
261 570 354 607 hanc
379 570 518 608 causam
548 571 656 608 altera
683 568 852 610 accedit,
878 580 985 617 quam
1018 580 1095 605 non
1124 568 1286 605 monitus
1326 578 1390 617 per
1429 568 1683 616 experimenta

86 633 248 677 cognovi
284 626 358 674 (ἰ)
388 659 396 673 ,
437 630 600 667 ornatius
639 640 724 665 vero
762 629 806 665 ad
855 628 1129 675 pbaenomenon
1164 626 1478 674 interpretandum
1517 627 1684 665 adhibuit

85 682 311 740 Francgfrzcs
340 687 556 726 LAMURE
594 685 691 737 (k).
741 688 781 724 ln
804 686 1047 734 exspiratione
1074 699 1206 737 nempe
1239 683 1405 734 inprimis
1437 684 1568 722 thorax
1594 698 1685 724 con-

86 748 260 791 trahitur,
288 749 569 797 conprimuntur
603 748 1010 795 pulmones,rauriculae
1029 773 1040 790 ‚
1070 759 1168 784 venae
1208 756 1326 786 cavae,
1354 743 1392 780 fit
1419 743 1576 782 refluxus
1604 745 1685 783 san-

86 808 205 854 guinis
234 809 271 844 in
295 818 401 845 venas
433 808 572 844 cerebri
599 833 611 850 ‚
648 819 696 844 ere
719 818 808 854 erg)
837 807 874 841 in
904 807 1146 855 exspiratione
1188 811 1338 852 turgent
1364 831 1373 845 ,
1419 803 1683 854 cerebrumque

87 877 157 902 una
189 872 323 903 totum.
362 865 459 903 Hinc
490 865 632 915 presso,
667 874 706 902 ut
736 877 806 913 ego
839 864 1054 912 presseram,
1091 864 1240 902 thorace
1273 857 1349 912 (l)
1370 891 1379 905 ,
1413 862 1567 912 elisaque
1595 876 1683 902 vena

87 936 171 962 cava
207 926 307 973 (m)
343 925 493 974 perinde
527 926 714 962 cerebrum
748 925 917 961 elevatur.

175 983 332 1021 Dudum
349 1013 358 1026 ‚
377 984 396 1020 fi
413 986 569 1033 placeret
587 983 791 1029 malignum
806 982 873 1020 esse
893 1011 902 1025 ‚
917 981 950 1032 J.
975 978 1181 1021 Adrianus
1199 979 1220 1019 S
1236 991 1286 1018 LE
1301 995 1354 1019 vo
1368 994 1427 1019 GT
1446 981 1531 1030 (n)
1552 983 1588 1019 in
1606 981 1683 1020 tussi

87 1043 223 1079 cerebri
237 1042 334 1079 vlinus
367 1044 604 1081 intumescere
622 1042 710 1080 vidit
726 1072 734 1085 ‚
755 1043 907 1079 emetica
926 1043 942 1090 (
959 1054 979 1080 ο
1001 1045 1017 1092 J
1036 1055 1122 1080 vero
1141 1043 1403 1079 medicamenta
1418 1070 1426 1084 ‚
1465 1054 1542 1091 quae
1567 1042 1684 1089 exspi-

86 1103 266 1139 rationem
280 1102 474 1139 violentam
495 1099 612 1145 cient,
636 1102 844 1150 sanguinem
862 1103 896 1137 in
926 1110 1033 1150 caput
1062 1102 1300 1139 determinare
1339 1102 1397 1138 alii
1430 1101 1481 1138 Cl.
1513 1102 1586 1138 viri.
1614 1100 1684 1138 Ve-

86 1171 167 1198 rum
192 1163 348 1198 omnino
372 1163 515 1198 uberius
543 1162 618 1199 haec
652 1191 661 1204 ,
702 1173 787 1199 cum
815 1159 1072 1209 experimentis
1102 1161 1296 1208 conjunxit
1338 1155 1565 1213 Franczfiws
1598 1159 1624 1197 L
1644 1172 1684 1196 A·

86 1232 231 1257 MURE
251 1251 259 1263 ‚
290 1222 325 1257 ὃς
354 1223 461 1258 etiam
492 1233 570 1258 mea
604 1223 849 1270 experimenta
882 1220 968 1272 (P)
998 1232 1072 1256 non
1105 1219 1224 1256 sinunt
1255 1220 1419 1257 dubitare
1448 1250 1458 1264 ,
1497 1222 1585 1269 quin
1626 1231 1685 1256 ve-

88 1291 163 1316 ram
189 1280 427 1328 phaenomeni
452 1281 591 1318 causam
623 1281 811 1330 aperuerit.
871 1277 1054 1317 Videntur
1078 1279 1153 1316 haec
1181 1278 1333 1326 amplius
1359 1292 1375 1317 a
1407 1280 1457 1317 CI.
1495 1280 1539 1316 de
1570 1279 1685 1317 Βοκ-

88 1350 115 1374 D
134 1350 152 1374 E
172 1351 193 1375 υ
226 1340 373 1381 diduci,
404 1348 444 1377 ut
472 1343 578 1377 etiam
610 1339 750 1387 pulsum
773 1339 906 1376 atteriae
929 1352 946 1375 a
975 1339 1123 1376 brachio
1143 1338 1295 1375 refluum
1315 1351 1396 1375 cum
1422 1340 1680 1387 inspiratione.

88 1399 297 1448 undamque
323 1398 418 1448 quafi
449 1399 635 1447 expulsam
662 1411 747 1437 cum
769 1397 846 1436 tussl
877 1397 947 1434 slve
967 1399 1208 1447 exspiratione
1227 1427 1235 1440 ‚
1259 1400 1434 1446 conjungi
1462 1405 1579 1435 narret
1603 1398 1680 1451 (q).

81 1458 85 1462 ’
176 1457 293 1496 Facile
314 1458 548 1506 intelligitur,
571 1471 731 1508 quonam
757 1458 816 1495 hic
849 1458 964 1494 sermo
991 1458 1138 1500 tendat,
1161 1457 1442 1503 exspirationem
1472 1470 1514 1494 ne
1529 1469 1604 1505 npe
1627 1459 1686 1495 'na-

90 1512 219 1553 &enus
252 1519 380 1554 reditui
406 1518 587 1566 sanguinis
616 1517 740 1555 venosi
767 1517 922 1554 resistere
941 1546 950 1560 ‚
976 1517 1010 1553 δε
1034 1519 1126 1554 inter
1147 1516 1263 1553 causas
1286 1518 1534 1553 retardationis
1558 1528 1686 1552 nume-

90 1577 157 1611 rari
186 1576 293 1624 posse,
334 1576 423 1613 Non
451 1586 571 1615 tamen
600 1585 751 1624 oportet
779 1579 1014 1613 immemores
1043 1588 1109 1613 nos
1137 1575 1228 1617 esse,
1270 1575 1501 1613 vehementes
1533 1575 1688 1623 exspira-

90 1635 209 1670 tiones
240 1635 436 1672 necelsario
463 1649 480 1672 a
503 1638 642 1684 magnis
671 1634 963 1684 inspirationibus
998 1637 1175 1682 praecedi,
1206 1646 1262 1672 eas
1282 1634 1461 1683 sanguinis
1490 1636 1523 1670 ir·
1545 1633 1690 1682 pulmo-

92 1705 177 1729 nem
205 1696 273 1731 iter
300 1695 523 1738 accelerare,
557 1705 662 1744 atque
699 1697 789 1732 adeo
835 1695 871 1731 id
919 1695 1204 1737 detrimentum,
1235 1693 1336 1743 quod
1367 1694 1409 1730 ab
1448 1694 1690 1740 exspiratione

90 1751 271 1800 sanguinis
291 1753 413 1791 venosi
448 1762 567 1791 motus
600 1756 732 1802 patitur
755 1782 764 1796 ‚
802 1754 969 1790 hactenus
998 1755 1042 1791 ab
1075 1754 1310 1802 inspiratione
1345 1752 1570 1805 compensari
1602 1765 1609 1789 ε
1644 1764 1689 1789 eo

92 1814 227 1858 magis,
253 1825 336 1850 cum
357 1814 549 1860 exspiratio
580 1815 772 1862 pulmones
791 1821 967 1855 evacuet,
995 1820 1102 1861 atque
1125 1813 1217 1850 adeo
1250 1823 1351 1850 novae
1381 1813 1561 1860 sanguinis
1584 1812 1689 1848 undae

94 1871 231 1907 aditum
263 1873 298 1907 in
325 1872 360 1908 id
390 1872 501 1907 viscus
533 1873 732 1910 faciliorem
763 1874 908 1920 aperiat.
968 1872 1112 1909 Deinde
1140 1873 1304 1920 inprimis
1331 1881 1452 1908 mente
1483 1872 1614 1907 debere
1639 1883 1691 1907 re·-

93 1931 224 1971 tineri‚
255 1930 330 1967 baec
373 1931 495 1966 omnia
525 1932 561 1973 in
597 1933 680 1968 vivo
718 1930 875 1978 sanoque
911 1930 1062 1968 homine
1092 1942 1168 1967 non
1202 1939 1298 1966 tanta
1332 1929 1398 1966 else
1430 1928 1529 1977 posse
1553 1954 1565 1972 ‚
1609 1940 1694 1966 cum

95 2000 266 2026 venarum
290 1990 437 2027 valvulae
464 1989 644 2028 refluxum
661 1988 782 2040 passim
809 1990 1009 2038 impediant
1029 2014 1040 2036 ,
1065 1990 1100 2026 &
1115 1991 1151 2026 in
1168 1992 1381 2027 vehemente
1401 1989 1550 2026 demum
1579 1987 1696 2038 exspi-

1556 2049 1696 2084 ratione

176 2164 190 2197 (
202 2165 211 2191 i
228 2164 240 2197 )
268 2164 370 2193 Second
395 2173 477 2193 mem.
495 2162 551 2200 fitr
571 2165 607 2193 les
623 2168 700 2199 part.
717 2160 791 2201 fins
817 2163 854 2199 ἓξ
873 2163 948 2192 irric.
985 2161 1062 2199 Exp.
1079 2166 1124 2195 78-

173 2206 243 2237 (k)
271 2215 298 2242 p.
326 2214 388 2241 54⁷-
415 2210 478 2242 558.
505 2215 570 2242 559-
595 2210 661 2242 567..
686 2206 741 2234 dcc.

181 2245 239 2281 (l)
261 2257 287 2282 p.
314 2251 377 2282 548.

182 2286 261 2319 (m)
287 2297 314 2324 p.
340 2297 403 2322 55¹-
430 2295 494 2323 552-
914 2317 931 2327 .

181 2327 252 2362 (n)
274 2327 305 2356 ln
330 2327 402 2365 ἀπῇ).
431 2329 463 2356 cie
482 2328 556 2356 dura
583 2332 680 2356 matre.

179 2370 248 2403 (ο)
275 2367 301 2398 G
329 2380 357 2397 v.
385 2368 536 2398 Swrr-:T
551 2378 597 2397 EN
625 2370 776 2398 Comment.
799 2366 838 2398 T.
862 2366 918 2397 III.
941 2376 969 2405 p.
995 2368 1062 2397 266.

184 2410 225 2447 (p
246 2413 257 2444 )
286 2413 388 2441 Smond
413 2420 484 2439 mem
516 2409 592 2447 Exp.
613 2417 676 2440 ¹16.
702 2419 767 2445 117.

185 2451 258 2489 (q)
282 2455 332 2482 Du
347 2453 428 2489 pouls
453 2462 496 2491 μ,
520 2460 585 2487 324.
