1968 2706
465 130 703 175 MOTUS
762 130 1334 175 PROGRESSIVUSJ.
1633 147 1725 186 2517>

105 225 278 281 rep-orum>
302 228 474 279 exemplo
492 230 628 270 solebat
655 229 716 269 PR
730 242 896 270 ecem
913 244 937 269 0
961 243 984 268 n
1013 229 1099 281 (z)
1121 231 1338 270 confirmare
1355 259 1366 274 ,
1390 241 1483 281 aque
1499 236 1624 271 tetano
1638 244 1721 271 cor-

103 301 173 341 pus
197 302 309 328 omne
335 289 557 338 nigrescere,
578 292 613 328 ἃ
637 289 692 327 I-ll.
707 291 838 329 medici
862 291 1120 334 observarunt,
1135 291 1172 328 δι
1189 292 1303 341 vulgo
1332 290 1482 340 quidem
1503 299 1633 330 notum
1655 292 1716 331 est.

191 349 345 388 Perinde
370 362 458 388 vero
481 379 491 393 ,
519 358 561 388 ut
591 362 610 388 a
644 352 833 388 contrariis
867 352 974 389 etiam
1006 358 1219 399 argumenta
1260 350 1380 388 nostra
1403 358 1570 401 petamus
1600 377 1613 399 ‚
1642 363 1718 389 cer-

104 415 185 447 tum
213 410 264 447 est
282 438 292 453 ‚
327 417 432 447 motu
463 409 656 447 musculari
683 410 849 458 neglecto
875 439 886 454 ‚
917 410 1134 459 sanguinem
1157 410 1298 460 ubique
1326 439 1338 454 ‚
1369 410 1427 448 sed
1455 412 1490 448 in
1516 411 1716 449 abdomine

104 470 291 513 maxime,
316 468 487 507 retardari
505 493 522 513 ,·
543 469 704 506 calorem
731 472 896 518 corporis
922 468 1075 508 universi
1091 470 1206 507 minui
1224 497 1239 512 ἶ
1256 467 1538 519 »ρετΐρίηιῐίοὴίε
1571 472 1719 520 copiam

104 528 310 567 decrescet-e
331 556 341 571 ‚
366 528 507 567 urinam
526 531 679 577 augeri,
707 529 850 578 adipem
881 531 918 566 in
944 529 1093 569 cellulas
1120 529 1356 566 subcutaneas
1375 555 1386 576 ‚
1418 531 1454 566 in
1486 538 1680 568 omentum
1703 559 1714 575 ‚

104 590 142 626 in
168 588 278 637 hepar
297 588 480 636 congerie,
511 588 684 626 reducem
709 601 727 626 a
756 589 912 638 pedibus
942 600 1117 638 vaporem
1145 585 1306 637 stagnare
1322 616 1333 630 .
1363 589 1492 638 colligi
1514 619 1523 634 ,
1550 592 1588 628 in
1611 589 1721 628 cons-

102 649 254 698 picuam
273 658 404 698 aquam
429 650 594 685 converti
617 676 627 692 ,
659 660 736 686 uno
759 649 870 686 verbo
901 649 1033 687 eadem*
1061 648 1304 698 symptomata
1330 648 1425 686 nasci
1454 678 1464 692 ,
1497 661 1575 700 quae
1609 663 1628 688 a
1657 649 1717 687 di-

102 708 242 745 minuta
267 707 388 744 cordis
420 707 595 756 potestate
622 707 818 757 exspeeari
842 707 990 757 possunt
1024 707 1126 755 (a).

198 765 288 812 Qua·
318 767 457 804 ratione
484 768 652 816 corporis
682 769 899 806 exercitatio
931 768 968 805 &
999 767 1253 805 musculorum
1292 773 1414 806 motus
1445 766 1613 817 sanguini
1648 780 1716 805 no-

101 836 183 863 vam
214 825 447 864 velocitatem
475 826 609 864 addant
635 856 645 870 ,
682 827 767 865 alibi
797 829 927 877 utique
951 827 1059 865 fufius
1089 827 1252 865 dicemus
1280 840 1287 864 :
1324 827 1482 864 breviter
1506 827 1567 865 hic
1593 834 1717 865 tamen

103 886 258 922 enarrari
278 885 391 923 visum
414 886 492 927 est,
524 898 615 924 cum·
634 887 770 924 incerta
802 888 880 924 vitae
914 886 1106 936 superstitis
1140 887 1216 936 spes
1235 915 1245 930 ‚
1275 887 1311 924 &
1329 887 1424 924 forte
1454 888 1552 938 prius
1571 887 1714 924 dudum

101 946 296 981 communi
318 952 452 982 naturae
481 945 554 994 legi
570 945 660 983 mihi
682 946 886 995 parendum
908 945 950 984 fit
979 976 988 989 ‚
1012 958 1120 996 quam
1144 945 1294 996 quidem
1318 947 1356 984 id
1380 945 1555 983 volumen
1578 946 1714 984 absolvi

100 1003 229 1053 potest.
279 1003 379 1052 Ergo
404 1004 501 1042 Clari
528 1005 684 1055 quidem·
706 1007 775 1043 viri
802 1005 1009 1043 docuerunt
1029 1032 1043 1049 ‚
1073 1006 1276 1043 musculum
1294 1032 1305 1049 ,
1336 1006 1425 1043 dum
1453 1006 1680 1044 contrahitur
1703 1034 1714 1049 ,

100 1061 341 1112 expallescere
378 1059 476 1113 (b)
505 1092 520 1107 ,Α
548 1076 682 1113 nempe
707 1065 921 1113 sanguinem
948 1065 1052 1102 suum
1092 1066 1278 1115 expellere
1302 1094 1311 1110 ,
1340 1073 1383 1103 ut
1408 1065 1501 1103 adeo
1535 1067 1587 1103 vis
1616 1064 1714 1103 mus-

100 1123 174 1160 culi
195 1122 345 1160 secundi
371 1122 492 1160 cordis
510 1124 587 1161 vice
612 1123 808 1173 fungatur,
829 1125 863 1161 &
885 1124 1099 1173 sanguinem
1122 1125 1259 1174 persua
1285 1125 1361 1162 vasa
1386 1132 1498 1174 cogat
1522 1125 1657 1174 fugere.

187 1180 329 1220 Verum
353 1182 629 1220 innumerabilia
648 1191 743 1221 certe
774 1185 1024 1232 experimenta
1041 1196 1100 1221 me
1124 1185 1373 1228 convincunt,
1392 1184 1483 1221 nihil
1509 1185 1720 1235 quidquam·

101 1243 240 1289 agentis
264 1240 418 1279 musculi
451 1243 574 1280 rubori
596 1242 773 1281 decedere
799 1241 887 1295 (c)
912 1273 922 1287 ,
950 1245 984 1282 &
1016 1245 1054 1280 in
1077 1244 1161 1281 vivo
1190 1244 1346 1282 animale
1373 1272 1382 1287 ‚
1408 1245 1504 1291 vitro
1539 1256 1712 1281 convexo

100 1300 147 1337 ad
175 1301 335 1337 arteriam
360 1301 522 1339 adhibito
539 1330 551 1345 ,
570 1314 654 1352 quae
681 1315 744 1351 per
770 1302 923 1340 musculi
950 1302 1178 1354 superficiem
1212 1304 1372 1341 decurrit
1403 1331 1412 1346 ,
1445 1306 1604 1341 omnino
1631 1303 1715 1341 san·-

99 1360 257 1408 guineos
281 1360 455 1408 globulos
473 1389 482 1403 ,
520 1373 723 1411 eorumque
747 1364 1003 1401 continuatum
1024 1370 1173 1400 motum>
1200 1364 1339 1411 percipi
1376 1389 1388 1407 ‚
1417 1362 1566 1412 quando
1605 1374 1722 1413 quam·

99 1420 259 1457 maxime
284 1431 367 1457 caro
389 1421 426 1456 in
460 1422 706 1458 contraffione
735 1422 893 1460 versatur
909 1451 918 1464 ‚
944 1422 1130 1471 pauloque
1158 1423 1240 1471 post
1266 1420 1530 1460 velociffimum
1561 1423 1723 1460 actionis-

100 1478 311 1516 musculosae
335 1478 603 1530 tempusculum
624 1506 634 1524 ,
670 1493 711 1518 ea
740 1481 815 1518 vasa
841 1483 966 1530 utique
997 1481 1170 1529 sanguine
1206 1481 1361 1533 perinde
1390 1481 1498 1529 plena
1525 1481 1593 1519 esse
1625 1511 1636 1526 ‚
1673 1487 1716 1519 ut

102 1537 252 1586 quidem
288 1543 370 1574 ante
398 1549 478 1576 earn
506 1539 795 1576 contractionem
828 1540 937 1588 plena
958 1541 1118 1577 fuerunt,

189 1595 272 1633 Alio
291 1608 381 1644 ergo
396 1596 514 1635 modo
530 1606 701 1647 oportet,
728 1611 746 1636 a
765 1600 924 1636 carnium
937 1599 1076 1637 actione
1091 1599 1304 1647 sanguinem
1317 1599 1538 1649 promoveri.
1563 1600 1722 1651 Nempe·

99 1654 193 1691 inter
215 1657 371 1702 majores
389 1655 572 1694 musculos
599 1658 735 1706 ubique
763 1659 880 1695 trunci
907 1657 1065 1696 arteriofi
1084 1686 1094 1701 ,
1124 1658 1325 1710 venofique
1343 1660 1531 1698 ambulant
1553 1687 1566 1706 ‚
1588 1662 1623 1698 &
1654 1674 1714 1698 ve-

100 1712 179 1750 nofi
208 1713 440 1763 potissimum.
485 1715 624 1754 Verum
658 1716 840 1763 musculi,
878 1717 965 1755 dum
996 1725 1110 1766 agunt
1124 1743 1138 1762 ,f
1162 1725 1306 1756 tument
1324 1749 1333 1762 ,
1358 1719 1460 1767 quod
1488 1720 1713 1759 notiffimum

100 1772 374 1821 phaenomenon
396 1776 542 1814 interim
577 1777 791 1824 recipimus..
843 1777 1000 1823 Quoties
1031 1789 1119 1826 ergo
1154 1778 1321 1816 vasorum
1355 1773 1543 1817 fasciculus
1569 1780 1714 1819 medios

99 1832 194 1868 inter
227 1833 410 1871 musculos
434 1835 570 1873 incedit
595 1861 608 1880 ‚
634 1837 743 1873 toties
764 1837 889 1885 utique
917 1849 981 1886 per
999 1844 1114 1875 totam
1142 1849 1272 1875 eorum
1308 1838 1477 1876 vasorum
1506 1838 1715 1889 longitudi-

100 1902 186 1928 nem
211 1892 426 1941 compreffio
460 1893 623 1943 undique
656 1896 858 1944 adplicatur
877 1920 895 1940 ‚v
919 1909 999 1945 quae
1027 1897 1178 1945 parietes
1202 1897 1246 1934 ad
1273 1899 1359 1935 axin
1388 1905 1496 1946 urget
1514 1927 1523 1940 ,
1559 1900 1594 1937 ἃ
1624 1899 1719 1948 eJ'us.

101 1950 184 2008 dem
209 1951 259 1988 est
288 1951 431 1992 effectus
453 1983 465 1998 ‚
497 1966 538 1992 ac
567 1953 592 1990 fi
615 1953 697 2004 ipsis
720 1956 886 1994 valorum
914 1956 1112 2008 parietibus
1142 1967 1237 1994 nova
1269 1958 1323 1994 vis
1360 1958 1579 1997 contraailis
1614 1958 1713 2010 quali

100 2009 367 2050 infundereturf

295 2123 297 2125 ι
1670 2080 1716 2118 In}

185 2126 257 2162 (z)
280 2128 298 2158 l.
318 2138 342 2158 c.
373 2139 401 2168 p.
436 2136 512 2167 5⁸01}
1278 2139 1281 2141 ’
1408 2170 1411 2171 ⁷

126 2204 132 2212 ·
183 2168 258 2213 (a)
281 2169 381 2200 Fufius
405 2172 441 2201 de
463 2172 509 2201 his
542 2172 683 2203 omnibus
707 2171 770 2202 dixi
800 2172 829 2202 in
852 2176 1004 2206 Comment.
1029 2178 1068 2206 acl
1102 2176 1225 2207 Praelec‘i.
1258 2178 1358 2208 Boerh.
1385 2175 1426 2209 T.
1451 2172 1509 2207 111³.
1535 2185 1566 2207 1]-
1589 2186 1658 2216 415·
1685 2179 1721 2209 &1

102 2206 202 2237 dicam
228 2209 316 2240 lero
339 2210 432 2242 VIH.
455 2216 482 2243 8<
502 2212 559 2242 XI.
579 2212 673 2244 XIII.

187 2250 250 2285 (b)
277 2250 331 2280 Bo
345 2262 390 2282 ER
404 2264 548 2284 HAAVE
571 2255 659 2292 Instit.
684 2257 725 2284 rei
751 2257 835 2287 Ilsed.
859 2267 888 2287 n,
913 2265 982 2292 406.
1003 2261 1032 2289 &
1054 2258 1168 2297 praeleff.
1191 2261 1263 2289 acad
1293 2259 1333 2291 T.
1359 2260 1419 2290 ΠΙ.

186 2291 252 2326 (c)
278 2294 403 2324 Premier
426 2298 562 2327 Memoir.
579 2294 635 2334 sur
659 2299 682 2326 le
704 2307 799 2326 mouv.
823 2299 863 2327 du
880 2297 962 2338 slmg.
985 2312 1013 2339 p.
1037 2311 1107 2334 142·
1142 2302 1246 2331 Second
1264 2303 1400 2335 llslemosr.
1414 2299 1470 2341 sur
1483 2303 1518 2335 les
1528 2301 1629 2343 parties
1638 2298 1706 2338 seff‘

88 2333 172 2371 fibles
200 2332 238 2368 ἔφ’
261 2334 335 2363 z'rrit.
368 2336 435 2366 Src‘l.
459 2335 515 2367 IX.
540 2338 608 2374 Exp-
634 2345 704 2368 226.
728 2340 798 2376 23¹4.
823 2346 891 2376 23-8.
917 2352 987 2377 240,
1016 2351 1085 2380 241.
1112 2352 1180 2379 242-

104 2458 111 2462 ᾗ
160 2405 310 2450 Ηαῖίεν
340 2404 549 2465 Plzyfiolog.
600 2393 707 2452 Toni.
737 2413 794 2452 lt.
1248 2414 1279 2452 E
1305 2427 1325 2450 e
