1968 2706
483 163 733 207 MOTUS
821 159 1398 203 PROGRESSIVU&
1601 162 1688 211 '203

75 265 411 306 membranosarum
427 261 447 310 (
461 261 518 309 n)
535 262 691 311 partium
708 259 816 297 dolor
833 288 843 302 ,
874 271 982 308 quam
999 259 1175 296 viscerum
1190 288 1200 302 ,
1227 259 1437 309 ubicunque
1462 270 1595 309 nempe
1613 260 1696 298 sen-

73 329 129 366 sus
151 329 293 365 acutior
312 325 431 362 fuerit.
482 321 586 360 Olim
611 332 628 357 a
663 315 771 374 [pina
796 317 940 368 pulsum
964 318 1152 356 accelerari
1182 316 1216 356 H
1231 331 1251 355 E
1264 331 1283 355 L
1298 331 1327 356 M
1343 331 1366 356 o
1381 330 1404 355 N
1422 331 1446 356 T
1463 331 1476 356 1
1491 331 1514 356 u
1529 330 1546 357 s
1572 321 1695 358 austor

70 389 140 426 fuit
164 387 250 435 (o)
301 383 500 424 Circulatio
524 380 708 428 sanguinis
737 379 902 425 velocior
926 378 1087 428 sequitur
1114 377 1438 416 inflammationem
1455 407 1464 422 ,
1496 380 1549 417 uti
1581 381 1696 428 pruri-

75 455 155 486 tum
184 446 366 494 unguium
383 441 536 491 scalptio
551 468 561 483 ‚
593 440 688 488 apud
719 433 973 492 Francg'jczcm
1003 439 1048 476 de
1086 438 1108 476 S
1124 450 1146 475 A
1161 450 1219 476 uv
1236 454 1256 474 A
1275 451 1300 476 G
1316 451 1335 476 E
1351 449 1379 476 ς.
1429 437 1604 489 Denique
1632 451 1694 487 pe-

71 507 219 546 culiares
259 502 479 554 topicosque
524 500 563 537 in
594 500 734 537 arteriis
775 508 898 537 motus
932 511 949 536 a
989 500 1024 535 vi
1057 498 1191 536 stimuli
1222 497 1317 535 nasci
1352 498 1405 536 lll.
1440 489 1643 552 Johcznnes‘
1675 489 1715 537 a*

72 566 146 607 Go
165 575 297 603 RTER
336 560 530 612 proposuit
560 554 647 613 (p)
677 561 711 596 &
743 559 999 608 glandularum
1022 570 1154 596 nervos
1184 558 1374 607 liquorum
1404 560 1470 596 iter
1503 559 1689 603 inhibere,

71 628 181 665 etiam
207 624 230 661 ii
253 623 373 662 cordis
405 619 576 670 impulsio
606 619 772 657 manserit
794 646 805 664 ‚
836 613 1002 657 Carolus
1034 618 1075 656 M
1090 630 1144 655 AL
1159 630 1182 655 o
1199 631 1220 654 u
1238 631 1248 654 1
1265 629 1291 654 N
1330 617 1350 666 (
1364 628 1386 672 q
1403 615 1426 666 ).

168 684 266 724 Cum
281 683 373 721 adeo
390 688 485 719 certa
514 679 682 730 exempla
715 678 784 718 effe
808 684 1024 725 crederent,
1051 679 1088 715 in
1107 678 1239 729 quibus
1268 678 1463 715 nervosum
1494 679 1693 730 imperium

69 745 282 793 sanguinem
306 744 401 791 regit
417 770 427 785 ,
450 753 495 777 eo
515 741 708 788 proniores
731 740 878 778 suerunt
903 739 957 777 cl.
981 739 1090 787 aliqui
1110 739 1175 775 viri
1200 740 1238 774 in
1260 749 1338 774 eam
1353 739 1570 786 opinionem
1587 768 1596 783 ‚
1622 751 1693 789 qua

67 807 242 853 recipitur
261 833 270 847 ,
306 804 416 840 etiam
441 810 544 838 extra
576 801 688 836 animi
717 801 834 837 emoti
861 800 980 837 turbas
1009 827 1022 842 ,
1063 799 1135 836 vim
1161 808 1333 835 nerveam
1366 797 1588 836 celeritatem
1617 799 1692 837 san-

43 866 191 914 ·guinis
217 870 277 901 aut
303 862 437 911 augere
458 889 470 904 ,
508 865 568 897 aut
595 858 761 897 minuere
788 858 950 897 viciffim.

156 923 229 963 Sed
258 925 366 961 etiam
397 921 442 958 de
470 919 587 957 modo
618 921 821 967 cogitatum
845 920 894 956 est
918 946 930 965 ,
965 917 1042 968 quo
1067 921 1169 957 nervi
1197 917 1409 967 sanguinem
1449 929 1517 968 per
1548 919 1691 957 arterias

67 985 242 1026 incitent,
274 982 474 1020 tardentve,
516 978 576 1015 Ill.
606 979 795 1018 Archiater
819 979 838 1026 (
861 978 940 1029 5)a
972 979 1115 1029 liquido
1134 990 1270 1016 nerveo
1297 979 1439 1016 arterias
1462 979 1661 1027 constringi
1679 1006 1690 1022 ,

68 1044 194 1093 easque
220 1042 415 1091 rigescere,
453 1039 489 1076 &
524 1050 648 1076 earum
684 1039 854 1076 elaterem
891 1041 1043 1088 augeri,
1086 1039 1239 1080 docuit,
1271 1039 1383 1087 inque
1424 1039 1475 1076 ira
1506 1038 1691 1087 sanguinis

67 1113 214 1141 motum
243 1101 412 1144 incitari,
447 1100 503 1136 uti
535 1097 685 1140 viciilim
721 1100 757 1135 in
777 1098 924 1148 paralysi
944 1099 1123 1147 sanguinis
1149 1105 1270 1135 motus
1290 1097 1508 1136 debilitatur.
1543 1097 1691 1136 Deinde

67 1163 216 1204 eosdem
242 1173 373 1200 nervos
402 1160 557 1197 minima
594 1157 731 1196 vascula
762 1159 947 1197 constricta
972 1166 1096 1197 tenere
1128 1157 1307 1195 existimat
1335 1158 1389 1195 vir
1428 1156 1484 1194 Ill.
1512 1170 1558 1195 ne
1587 1157 1692 1207 quid-

68 1235 179 1274 quam
205 1222 385 1270 sanguinis
416 1218 595 1261 transeat,
634 1219 805 1268 exemplo
836 1219 1006 1268 hysterici
1036 1218 1186 1267 frigoris
1219 1216 1271 1264 (t
1291 1216 1311 1264 )
1330 1243 1343 1261 ,
1374 1216 1409 1253 &
1441 1216 1485 1255 ad
1524 1229 1589 1255 cor
1623 1229 1691 1266 po-

67 1285 159 1326 tius,
190 1282 279 1331 ipsas
313 1293 377 1331 per
409 1279 555 1317 arterias
580 1276 721 1326 sanguis
750 1279 884 1317 refluat?
947 1277 1121 1327 Denique
1152 1278 1263 1314 animi
1290 1276 1446 1314 adfectus
1474 1276 1593 1324 ipsum
1625 1288 1690 1314 cor

67 1342 199 1381 arctare
226 1340 417 1391 probabile
440 1345 571 1390 putat,
599 1347 642 1375 ut
678 1346 786 1376 tenue
832 1340 1018 1387 sanguinis
1053 1337 1154 1375 filum
1192 1337 1279 1374 inde
1306 1336 1461 1385 prodeat
1488 1336 1545 1383 (u
1556 1336 1585 1384 )-
1634 1335 1690 1374 Ita

68 1414 180 1452 porro
204 1414 223 1440 a
249 1400 386 1451 spasmo
419 1401 569 1437 venosas
600 1397 885 1441 obstrustiones,
912 1397 1109 1435 deteriores
1132 1395 1309 1435 arteriofis
1330 1424 1340 1438 ‚
1373 1395 1523 1434 deducit
1563 1390 1689 1434 Fran·

70 1456 185 1514 cisczcs
219 1461 466 1508 QUESNAI
492 1454 512 1510 (
535 1469 563 1496 κ
584 1457 629 1505 ),
664 1459 700 1496 &
729 1459 766 1494 in
798 1458 939 1511 spasmis
969 1456 1154 1505 hystericis
1181 1456 1325 1493 arterias
1361 1455 1541 1493 carotides
1568 1455 1689 1493 venasr

69 1534 141 1570 que
162 1521 343 1569 jugulares
365 1517 639 1563 tumidiffimas,
674 1519 710 1556 ὃς
726 1529 862 1568 corpus
891 1517 1042 1554 demum
1063 1515 1287 1555 maculosum
1313 1511 1404 1552 vidit
1432 1525 1596 1565 nuperus
1627 1526 1688 1552 au-

70 1580 145 1618 &or
171 1580 225 1619 Cl.
266 1579 527 1618 MATANus
559 1575 653 1628 (y).

155 1639 198 1678 111
224 1641 305 1677 vivo
344 1638 496 1675 demum
528 1637 683 1675 animale
712 1636 757 1676 M
771 1648 855 1676 ALP
869 1648 881 1672 1
898 1647 958 1673 GH
976 1648 988 1672 1
1005 1647 1071 1673 um
1101 1634 1258 1684 legimus
1274 1634 1399 1672 vidiffe
1415 1664 1424 1678 ,
1447 1641 1592 1672 motum
1612 1634 1682 1671 san-

68 1699 189 1748 guinis
213 1699 458 1746 interruptum
492 1696 535 1733 ab
557 1704 660 1734 enata
692 1694 931 1736 convulsione
955 1696 1161 1734 restitutum
1187 1695 1289 1734 fuisse
1320 1695 1405 1744 (z)
1434 1714 1446 1739 a*
1475 1695 1580 1745 quale
1597 1693 1687 1744 quid

70 1760 179 1799 etiam
208 1757 283 1809 ipse
314 1758 439 1809 putavi
465 1767 522 1794 me
555 1755 678 1796 vidisse
708 1754 809 1809 (a).

1457 1854 1489 1894 ἐξ.
1506 1845 1682 1887 XXXV.

153 1969 507 2008 (n)Scr1wr·:›rnu
532 1979 562 2007 p.
591 1974 644 1997 66.

151 2011 215 2047 (o)
238 2013 303 2043 Elas
321 2013 432 2041 humant
462 2021 492 2040 n.
515 2016 562 2044 28.

151 2051 216 2089 (p)
239 2054 367 2091 Chirurg.
388 2060 496 2090 repurg.
524 2063 553 2090 p.
577 2056 627 2086 98.

152 2096 216 2133 (q)
239 2093 391 2133 Des-solid.
412 2093 548 2130 &fluid
579 2104 608 2132 p.
632 2095 680 2129 63.

149 2133 252 2171 (s)'S
267 2146 315 2165 EN
331 2145 350 2165 A
365 2146 381 2164 c
407 2138 448 2165 du
466 2144 539 2165 coeur
558 2134 603 2167 T.
623 2133 680 2167 HL
710 2143 741 2174 p.
763 2141 831 2172 170.
852 2137 920 2165 208.
946 2130 1043 2169 Qu:
1058 2141 1162 2162 sarar
1196 2132 1230 2161 de
1252 2132 1283 2161 la
1298 2139 1439 2170 gangrene
1460 2139 1489 2166 i).
1517 2135 1588 2165 3302

151 2176 218 2212 (t)
242 2187 262 2216 p
292 2187 357 2212 170.
385 2182 454 2212 208.

150 2218 198 2252 (u
214 2219 228 2253 )
255 2229 284 2256 Ρ·
305 2228 371 2257 ςῖιι,

152 2259 226 2295 (x)
252 2263 306 2289 Des
323 2260 422 2299 fievrer
444 2269 474 2297 p.
502 2269 576 2290 υτ.

151 2300 165 2334 (
177 2300 221 2337 y)
252 2303 293 2330 De
314 2299 474 2340 aneuryfin.
500 2312 531 2339 p.
551 2305 621 2331 μσς

151 2343 217 2376 (2)
247 2342 387 2378 Pollhum.
414 2352 444 2380 p.
471 2351 522 2375 92.

153 2384 217 2420 (a)
240 2385 310 2422 livp-
335 2395 404 2420 227.
436 2384 495 2414 &c-
