1968 2706
321 180 406 218 286
530 165 638 209 ΗΒ.
676 163 757 208 VI.
779 156 937 207 SECT.
968 161 1057 207 111.
1094 165 1361 208 SANGmNIs
1393 168 1486 210 PER
1509 170 1752 216 ARTERIAS

318 267 618 317 croscopicorum
649 271 789 302 certum
820 264 971 314 aliquod
998 265 1131 302 interni
1146 271 1268 302 motus
1288 265 1554 305 documentum
1571 273 1737 319 reperio,
1766 280 1809 310 ut
1840 275 1927 311 oni-4

316 331 407 367 nino
426 357 435 371 ,
457 326 478 363 si
513 329 551 363 in
580 325 688 363 calidi
716 322 896 374 sanguinis
916 325 1127 362 animalibus
1152 337 1171 362 a
1197 325 1316 363 calore
1354 333 1478 364 motus
1499 328 1686 367 intestinus
1707 334 1883 370 excitatur
1907 360 1923 377 ,

316 386 498 438 ejusmodi
530 383 569 422 sit
591 414 600 427 ,
632 397 743 434 quem
776 385 875 422 oculi
906 384 1052 433 adsequi
1078 396 1155 421 non
1178 384 1325 433 poffinh
1376 384 1530 424 Excitari
1549 399 1636 425 vero
1653 391 1750 428 credi
1767 393 1889 442 potest
1906 421 1917 435 ,

314 461 396 486 cum
437 448 471 482 in
505 453 611 481 motu
638 445 736 482 calor
763 442 952 489 consistat,
980 444 1114 482 caloris
1140 455 1229 482 vero
1253 452 1349 483 certa
1366 473 1376 489 ,
1403 453 1464 484 aut
1497 448 1558 485 axi
1587 450 1727 487 arteriae
1752 449 1923 500 parallelo

312 507 463 547 directio
495 505 595 543 nulla
626 505 781 553 cogitari
810 503 930 554 poffit.

877 629 912 670 §-
945 622 1090 661 VIII,
1138 616 1195 661 Et
1232 615 1355 660 calor.

625 737 723 782 Non·
760 737 808 781 ab
843 734 933 797 igne
970 740 1104 785 innato
1127 771 1137 787 ,
1168 737 1364 794 fervore,
1384 738 1605 796 putredine.

404 863 525 914 AEque
545 863 618 900 fere
649 861 835 906 celeriter,
862 862 914 900 uti
932 862 1070 912 liquida
1094 862 1276 900 mobilitas
1303 863 1468 911 sanguini
1487 863 1536 902 de·
1561 861 1645 903 vafis
1672 861 1809 908 effuso,
1832 864 1922 902 inve’

313 923 399 963 vasis
429 924 604 970 stagnanti
620 922 767 960 decedit
787 950 795 963 ,
813 923 860 959 ita
880 918 997 960 calor.
1033 922 1156 970 Friget
1179 923 1352 965 cadaver,
1381 923 1489 971 friget
1520 924 1560 960 in*
1589 923 1758 973 patellam
1786 923 1914 962 effusus

312 984 452 1031 sanguis
468 1011 479 1025 ,
507 982 615 1030 friget
639 983 746 1019 etiam
776 982 883 1018 unice
907 983 1041 1020 tardius
1070 990 1191 1019 motus
1221 983 1259 1019 in
1279 983 1446 1032 deliquiis
1471 984 1606 1031 animi,
1635 985 1675 1020 in
1702 982 1885 1021 submersis
1904 1013 1921 1029 ,.

310 1046 348 1080 In
377 1042 589 1080 animalibus
618 1042 740 1079 hieme
764 1041 966 1079 latentibus.
1011 1041 1081 1079 Sed
1101 1043 1247 1090 gravior
1282 1042 1331 1079 est
1366 1042 1542 1092 quaestio,
1567 1055 1658 1081 num·
1684 1054 1707 1080 a2
1733 1042 1915 1091 sanguinis

309 1109 417 1140 motu
443 1101 544 1139 calor
575 1102 736 1139 nascatur
754 1130 766 1146 ,
790 1113 879 1137 num
909 1102 977 1138 alia
1007 1114 1093 1139 cum
1120 1107 1225 1139 motu
1250 1101 1478 1150 progreffivo
1505 1109 1696 1152 utcunque
1719 1101 1920 1151 conjunsta:

310 1162 412 1200 causa
442 1159 557 1198 subfit.

395 1219 633 1258 Phaenomeni
660 1219 841 1257 historiam
867 1230 945 1256 non
978 1227 1118 1266 repeto.
1168 1217 1259 1256 Fuse
1282 1219 1434 1270 exposui
1462 1248 1474 1263 ,
1498 1219 1534 1256 in
1561 1218 1775 1258 animalibus
1799 1220 1919 1269 pleno-

308 1280 495 1331 pulmoni<
526 1279 586 1316 usu
618 1279 861 1327 gaudentibus
886 1308 894 1321 ‚
932 1279 1060 1316 caloris
1091 1280 1197 1327 suprav
1228 1278 1473 1328 atmosphaerae
1516 1290 1646 1329 aquam
1686 1279 1919 1328 congelantis·

308 1341 467 1376 hibernae
494 1338 606 1387 frigus
633 1339 766 1386 gradus
802 1345 852 1384 64
887 1338 924 1373 in
960 1337 1044 1375 sano
1075 1339 1246 1386 sanguine
1271 1340 1435 1386 generari
1467 1338 1538 1385 (s)
1568 1348 1585 1376 .·
1630 1337 1760 1375 deinde
1799 1339 1915 1388 pisces

308 1411 383 1435 non
409 1398 512 1434 valde
534 1397 811 1434 memorabil-:m
840 1397 1003 1435 calorem
1035 1396 1130 1447 (t),
1163 1396 1222 1434 sed
1255 1404 1377 1434 tamen
1408 1397 1588 1446 ejusmodi
1618 1397 1824 1446 producere
1843 1406 1915 1445 ,ut

306 1460 345 1495 in
382 1457 509 1505 g‹lidis
539 1459 639 1507 aquis
659 1486 671 1500 ,
701 1457 863 1506 ultraque
890 1457 1035 1504 frigoris
1067 1457 1295 1505 congelantis
1321 1457 1476 1505 gradum
1505 1457 1728 1504 rigentibus,
1762 1458 1912 1500 vivere,

303 1518 596 1566 sanguinemque
629 1515 786 1554 fluidum
816 1516 1026 1554 conservare
1052 1546 1062 1560 ‚
1102 1518 1137 1554 ἃ
1166 1517 1325 1565 denique
1355 1516 1579 1566 aliquantum
1609 1516 1714 1566 supet
1737 1516 1774 1553 id
1797 1516 1915 1565 frigus*

304 1583 426 1626 tepere·
456 1575 598 1625 possint.
642 1575 758 1624 Hujus
785 1576 913 1613 caloris
934 1576 1015 1613 fons
1047 1577 1218 1626 quaeritur
1242 1576 1276 1612 &
1309 1577 1420 1613 causa,

392 1635 438 1673 Et
462 1637 621 1684 primum
641 1636 828 1672 ostendere
853 1643 1030 1683 oportet,
1055 1648 1139 1674 eum
1161 1635 1320 1673 calorem
1342 1636 1380 1672 in
1399 1635 1573 1684 sanguine
1590 1633 1709 1672 sedem
1735 1630 1833 1672 suam
1847 1635 1915 1674 ha«

301 1695 414 1740 berc,
447 1706 540 1742 aque
580 1695 750 1739 sanguine
778 1695 931 1742 reliquas
955 1697 1118 1743 corporis
1149 1695 1298 1732 animati
1331 1702 1449 1743 partes
1479 1694 1700 1732 incalescere.
1736 1691 1853 1730 Facile
1870 1694 1909 1732 id

300 1753 340 1791 fit
359 1780 369 1797 ‚
395 1764 478 1790 cum
517 1764 609 1789 artus
639 1753 766 1799 frigeat
790 1778 800 1798 ‚
835 1754 936 1799 cujus
975 1755 1100 1790 arteria
1124 1753 1275 1790 revindia
1300 1753 1370 1790 fuit
1397 1753 1489 1801 (u)
1523 1778 1539 1797 ‚-
1565 1752 1738 1800 exemplo
1770 1752 1908 1791 brachii

301 1825 404 1860 cuj-15
434 1812 487 1860 pti
519 1813 638 1860 cipem
666 1814 827 1849 ameriam
859 1812 908 1848 ob
943 1811 1197 1860 aneurysmatis
1222 1811 1313 1863 (x)
1348 1813 1572 1850 curationem
1606 1810 1795 1859 chirurgus
1828 1812 1907 1850 lino

299 1872 483 1922 intercipit
507 1883 513 1907 :
546 1870 582 1906 id
613 1871 708 1908 enim
736 1870 873 1907 tamdiu
899 1870 1027 1918 friget,
1051 1871 1163 1920 usque
1190 1871 1276 1908 dum
1300 1872 1462 1908 restituto
1489 1871 1669 1919 sanguinis
1695 1878 1907 1909 commeatu

300 1932 420 1979 prims
452 1942 475 1966 n
500 1942 610 1980 carpo
637 1931 753 1968 redux
779 1928 1007 1978 percipiatur.
1056 1930 1098 1966 In
1122 1930 1206 1967 tibia
1225 1959 1233 1972 ‚
1258 1933 1357 1979 cujus
1377 1932 1511 1969 arteriae
1528 1931 1652 1967 lumen
1680 1927 1904 1968 contradam

299 1990 367 2028 fuit
391 1989 440 2042 {y
455 1987 470 2039 )
486 2017 496 2033 ‚
529 1990 639 2039 inque
665 1991 812 2029 artubus
827 2018 836 2034 ,
863 2001 1022 2040 quorum
1043 1991 1178 2031 arteriae
1195 1988 1299 2031 offeae
1326 1988 1347 2044 (
1362 1987 1415 2041 z)
1442 1989 1539 2029 fauae
1556 1989 1638 2028 sunt
1653 2017 1663 2033 ‚
1683 1997 1910 2086 perpeftruum

1822 2060 1907 2097 igus
