1968 2706
587 105 779 147 MOTI
848 104 1217 145 EFFECTUS.
1606 104 1691 152 291'

78 220 246 250 nuerE
271 205 385 260 (g),
418 205 480 254 qui
506 203 775 241 thermometro
813 202 979 239 adhibito
1008 202 1139 239 viscera
1171 199 1381 240 'abdominis
1424 211 1501 238 non
1535 199 1691 238 debilius

78 281 201 320 tepere
224 272 460 316 repererunt,
497 275 608 313 quam
642 274 709 299 cor
734 261 884 310 quidem
918 268 1030 310 t.pet.
1097 261 1167 298 Sed
1199 263 1307 298 etiam
1331 271 1402 309 ego
1424 261 1462 297 in
1484 266 1605 298 tenera
1622 260 1694 297 fele

78 328 256 372 memini,
281 324 514 362 meeumdem
549 322 676 360 caloris
711 321 869 369 gradum
898 320 1188 358 falirenheitiano
1218 320 1483 358 thermometro
1524 320 1701 372 metitqu

78 387 170 432 effe,
190 388 251 436 qui
282 388 332 428 88
349 383 502 433 gradum
523 393 599 419 non
610 382 794 429 superaret
832 380 952 417 Unico
969 376 1096 429 gradu
1113 379 1255 428 sup-erat
1275 381 1313 417 in
1341 378 1540 417 monedula
1564 377 1642 432 (g*
1658 379 1688 426 ).

168 445 262 491 Quae
298 443 344 481 de
394 441 576 489 sanguinis
622 440 764 477 fervore
798 447 987 478 narrantur
1014 468 1025 483 ‚
1063 440 1217 491 perinde
1250 439 1400 488 quidem
1437 438 1692 487 experimento

82 510 300 559 repugnant.
351 500 512 550 Chylum
535 499 599 537 sub
615 498 733 537 oculis
756 500 845 536 meis
867 500 905 535 in
927 511 1047 538 aurem
1075 499 1239 537 dextram
1264 498 1383 541 illabi,
1408 496 1694 549 &placidissime

81 577 167 604 cum
191 563 364 611 sanguine
394 559 533 596 misceri
554 559 628 609 ipse
663 558 735 596 vidi
753 584 765 602 2
794 558 959 608 viditque
981 553 1143 597 Carolus
1164 557 1233 596 Dr<
1249 570 1268 594 E
1286 570 1306 593 L
1322 569 1372 594 1N
1389 570 1409 594 c
1427 570 1450 596 o
1464 570 1487 595 u
1501 569 1522 593 R
1538 569 1583 599 T,
1606 568 1690 595 cum

80 630 251 675 praeterea
285 620 501 669 chyliferum
539 618 713 661 duc'lum,
744 619 778 655 ἃ
806 630 935 655 venam
958 618 1143 655 axillarem
1180 616 1317 666 ligasset
1350 612 1438 665 (h).
1490 616 1561 654 bed
1583 617 1692 653 etiam

80 682 231 732 lympha
251 680 394 718 nullum
425 676 657 716 manifestum
691 689 839 715 acorem
866 677 976 714 habet
1002 674 1081 725 (i)
1101 706 1112 721 ‚
1140 689 1260 725 neque
1296 677 1332 712 in
1364 676 1536 724 sanguine
1572 674 1692 712 cordis

81 741 190 791 ipsius
217 740 309 777 alius
347 751 365 776 a
395 735 590 774 muriatico
618 737 722 786 sapor
750 733 841 786 (k)
871 738 1047 787 reperitur
1064 766 1073 780 ‚
1100 748 1146 773 ne
1182 734 1391 774 Cartessanis
1417 733 1566 784 quidem
1600 746 1694 784 pro-

81 795 276 839 seftoribus
302 792 387 850 (l)
424 794 660 834 diffitentibus
700 809 709 833 ε
739 807 860 844 neque
904 796 1048 844 sanguis
1087 802 1149 833 aut
1186 807 1269 832 cum
1309 794 1483 843 lympha,
1512 801 1573 831 aut
1606 806 1691 832 cum

81 860 193 908 chylo
214 888 225 902 ,
263 864 324 895 aut
361 868 446 893 cum
462 856 566 892 acido
606 855 711 893 latice
741 855 843 902 (m)
877 866 1103 905 quocunque
1120 854 1318 902 confligit,
1346 852 1406 891 etfi
1428 853 1552 891 ficum
1581 865 1692 891 mera-

82 918 223 957 ciffimis
251 915 454 966 liquoribus
471 914 607 957 fervet,
639 916 702 963 qui
729 916 837 951 etiam
865 915 901 950 in
929 926 1019 964 aqua
1052 914 1274 952 incalescunt
1305 915 1409 959 (n),
1436 913 1472 950 Sc
1495 924 1580 950 cum
1605 913 1692 950 oleo

82 977 307 1025 conflagrant
325 988 343 1016 :s
356 986 473 1024 neque
496 974 736 1023 phoenomena
754 973 1018 1022 microscopica
1034 973 1211 1021 ejusmodi
1235 974 1492 1011 conturbatum
1508 968 1692 1021 liquorem

83 1036 279 1074 ostendunt
304 1036 320 1077 (
343 1034 395 1081 ο)
424 1034 567 1082 qualem
600 1034 639 1069 in
668 1032 931 1070 effervescentia
959 1031 1097 1071 necesse
1123 1033 1172 1070 est
1203 1032 1361 1082 supponi
1389 1061 1398 1076 ‚
1438 1043 1557 1081 neque
1580 1031 1693 1069 bullae

83 1097 122 1133 in
146 1095 231 1132 sano
262 1104 391 1152 cruoss
418 1099 629 1140 erumpunt.

169 1154 206 1191 Si
236 1164 323 1190 vero
351 1158 490 1189 certum
523 1147 728 1200 putredinis
757 1149 911 1199 gradum
943 1180 953 1194 ‚
986 1158 1046 1189 aut
1078 1156 1225 1199 agentes
1253 1151 1290 1187 in
1335 1151 1474 1190 oleosas
1500 1151 1697 1201 particulas>

83 1213 252 1251 urinosos
282 1210 371 1248 sales
400 1223 468 1260 pro
494 1210 623 1248 caloris
649 1208 750 1246 causa
779 1210 967 1258 citaveris,
1007 1212 1114 1248 etiam
1149 1210 1211 1247 hic
1253 1210 1410 1261 plurima
1440 1211 1613 1254 obstant,
1645 1222 1692 1247 ne

83 1274 121 1310 in
152 1272 246 1310 hanc
271 1271 491 1321 opinionem
522 1270 557 1307 di
596 1269 732 1306 bamur.
798 1267 917 1307 Gratis
961 1271 1087 1320 utique
1117 1270 1268 1307 urinosae
1304 1271 1341 1306 in
1375 1269 1545 1318 sanguine
1575 1270 1691 1308 mole-

83 1331 172 1369 culae
199 1330 466 1372 admittuntur,
499 1339 582 1379 quae
616 1328 763 1365 demum
789 1328 833 1364 ab
861 1329 946 1376 igne
981 1329 1172 1367 nascuntur
1200 1329 1299 1383 (Ρ).
1348 1329 1418 1367 Sed
1450 1340 1550 1377 pone
1579 1328 1653 1366 dari
1678 1358 1689 1372 ‚

82 1402 159 1428 non
190 1390 274 1427 ideo
297 1390 333 1425 in
363 1388 519 1426 homine
541 1388 627 1425 sano
663 1386 801 1424 oleosas
832 1387 995 1425 massulas
1023 1388 1180 1427 solvunt.
1245 1388 1398 1427 Globuli
1426 1390 1524 1425 euim
1551 1387 1692 1436 sangui-

82 1451 143 1487 nei
175 1450 302 1498 utique
330 1447 606 1485 infiammabiles
633 1446 770 1484 summa
796 1459 878 1485 cum
913 1448 1111 1485 constantia
1153 1446 1308 1497 figuram
1335 1447 1432 1485 suam
1456 1448 1494 1484 in
1520 1448 1690 1485 omnibus

83 1508 296 1545 animalibus
326 1507 538 1545 conservant
572 1500 727 1560 (12³⁸),
760 1506 848 1544 dum
879 1508 947 1544 vita
978 1507 1131 1556 superest
1163 1506 1354 1556 motusque
1403 1506 1586 1554 sanguinis
1622 1508 1691 1544 cit*

85 1566 286 1609 cumssuus,
305 1578 423 1614 neque
452 1567 542 1603 adeo
570 1575 629 1603 aut
660 1565 888 1610 eroduntur,
911 1572 971 1604 aut
1000 1567 1190 1604 solvuntur
1212 1578 1398 1616 unquam,
1424 1565 1513 1603 dum
1532 1565 1624 1604 calet
1642 1567 1691 1604 vi-

83 1635 191 1676 getve
219 1625 375 1670 animal,
409 1626 444 1662 ἃ
473 1625 616 1674 globuli
647 1624 683 1661 in
712 1625 886 1676 circrilum
916 1626 1088 1664 feruntur.

162 1684 285 1722 'Porro
311 1683 335 1720 fi
361 1683 516 1722 omnino
538 1684 640 1721 alcali
679 1684 806 1732 praesto
829 1685 925 1723 foret
945 1710 955 1731 ,
988 1683 1026 1723 &
1046 1685 1168 1723 oleum
1190 1684 1370 1735 sanguinis
1398 1683 1689 1728 solveret,nu110

84 1749 302 1793 argumento
332 1744 470 1781 constat
488 1773 498 1787 ‚
527 1743 656 1785 aleran,
677 1743 764 1780 dum
795 1744 921 1781 oleum
946 1744 1080 1789 diluit,
1101 1743 1259 1782 calorem
1287 1745 1453 1782 excitare.
1487 1743 1634 1782 Deinde
1651 1745 1690 1781 in

84 1803 277 1853 putredine
291 1831 302 1846 ,
337 1802 568 1851 agnoscimus
591 1801 762 1852 equidem
778 1831 788 1846 ,
807 1815 955 1853 magnas
973 1803 1094 1841 maffas
1107 1803 1365 1853 vegetabilium
1387 1815 1585 1856 corporum
1601 1815 1690 1841 con-

921 1861 957 1901 O
980 1874 1003 1900 0
1053 1875 1076 1902 2
1576 1863 1689 1912 gestas

231 1976 245 2008 7
280 1976 425 2007 Oecmwm,
452 1978 540 2005 anim.
567 1985 597 2013 p.
621 1985 669 2010 2‘9·

232 2017 249 2034 ³⁵
264 2017 276 2050 )
305 2016 348 2045 W
363 2027 380 2044 H
393 2026 412 2046 Y
426 2025 449 2044 τ
464 2024 486 2045 T
513 2015 624 2055 phjgsz‘ol.
646 2027 677 2056 p.
701 2022 751 2046 ιε.

230 2059 245 2093 )
270 2056 308 2086 In
329 2059 447 2086 camlid.

221 2101 235 2132 )
260 2107 287 2135 p.
315 2106 381 2128 122.

221 2141 235 2174 )
257 2149 285 2176 p.
312 2150 357 2172 72.

221 2182 234 2215 )

217 2232 226 2250 1

260 2179 283 2209 B
296 2190 314 2208 L
329 2189 347 2208 A
362 2189 407 2207 nc
420 2189 439 2208 A
452 2189 472 2209 R
484 2189 507 2209 D
533 2181 566 2208 ι-Ξε
586 2180 716 2211 circulat.
728 2177 812 2219 sang.
830 2187 879 2219 per
896 2180 981 2217 fibras
1003 2190 1032 2219 p.
1054 2190 1097 2215 1⁴9-

268 2271 297 2299 P·
323 2271 373 2297 79·
