1968 2706
478 135 662 186 SECT.
702 139 737 184 I.
815 144 880 184 IN
923 142 1360 187 UNIVERSUM:
1707 152 1756 193 ις’

141 253 229 282 nem
254 241 406 294 accipit,
439 242 500 281 sed
520 254 566 280 ex
588 238 777 280 communi
799 252 898 289 penu
926 239 971 277 de
994 240 1106 278 corde
1131 241 1250 289 emissa
1271 271 1283 286 ,
1314 242 1351 278 &
1378 239 1450 293 ipsa
1476 240 1655 292 quidquid
1679 241 1741 280 ha-

142 303 224 345 bet,
254 309 464 345 mutuatur,
499 302 535 338 δι
568 301 607 336 in
635 299 789 338 eandem
816 310 955 349 penum
985 299 1153 337 omnium
1189 303 1346 349 partium
1373 302 1538 350 corporis
1576 300 1739 338 animalis

142 360 302 399 remissus
326 361 464 409 sanguis
490 357 732 396 confunditur.

249 420 350 458 Num
373 417 520 455 venosus
548 417 690 466 sanguis
711 417 849 468 hepatis
872 412 891 467 [
904 412 954 465 ἢ]
975 447 985 463 ,
1007 416 1111 455 lienis
1125 418 1139 462 ,⁷
1171 420 1356 457 omentive
1384 417 1580 470 peculiares
1607 415 1741 467 aliquas

142 477 247 517 dotes
273 475 471 528 poffideat,
499 476 560 514 hic
584 476 753 514 nondum
769 475 904 514 definio
922 506 932 520 ‚
959 488 1080 526 neque
1112 477 1288 526 poffidere
1310 485 1497 528 repugnat.
1532 478 1602 516 Sed
1630 477 1674 526 de
1699 490 1740 516 ea

142 535 312 586 peculiari
340 534 466 572 indole
492 535 575 573 alias
589 534 793 573 videbimus
815 547 824 572 ε
854 536 1000 573 interim
1019 562 1029 581 ,
1046 548 1128 586 quae
1151 536 1313 576 dicemus
1329 567 1341 582 ,
1365 550 1405 576 ea
1424 538 1559 579 omnia¹
1577 537 1622 577 de
1637 538 1740 575 omn-i

143 595 307 643 corpo-ris
337 594 483 633 animati
504 595 676 643 sanguine
700 593 792 632 dista
823 594 1002 633 volumus.

638 716 672 757 §-
705 710 740 750 V
759 710 823 751 ΙΙ.
865 706 1001 751 Rubor
1013 707 1226 768 sanguinis.

233 831 425 883 Sequitur,
452 838 493 869 ut
521 829 566 869 de
597 829 778 879 sanguinis
800 830 926 870 colore
948 831 1120 871 dicamus.
1186 831 1303 871 Verus
1326 833 1488 881 sanguis,
1507 832 1668 869 hominis
1705 832 1742 869 Sc

141 886 352 930 animalium
377 889 637 940 plerorumque
652 919 662 934 ‚
691 891 798 928 etiam
823 901 900 929 non
920 890 1169 941 respirantium
1185 920 1195 935 ‚
1224 892 1331 930 ruber
1360 892 1410 929 est
1428 920 1439 935 ‚
1478 891 1605 929 colore
1629 892 1667 927 in
1692 890 1743 928 sa-

140 949 192 987 no
212 950 367 987 ‘homine
394 949 578 997 eleganter
600 955 696 986 certe
718 948 852 986 florido
872 978 883 993 ‚
914 951 952 987 ὃς
974 962 1130 989 coccum
1156 957 1218 989 aut
1242 959 1431 1001 aequante,
1457 956 1517 988 aut
1541 949 1739 999 superante.

141 1008 271 1058 Neque
312 1016 433 1048 tamen
464 1013 526 1046 aut
556 1009 593 1045 in
627 1007 731 1045 omni
766 1013 868 1045 aetate
893 1019 941 1046 eo
967 1008 1095 1046 colore
1126 1011 1218 1047 nitet
1238 1039 1248 1053 ,
1280 1018 1340 1048 aut
1368 1011 1407 1047 in
1434 1010 1538 1047 omni
1563 1009 1743 1060 temperass

140 1074 293 1110 mento,
323 1074 384 1105 aut
405 1068 443 1104 in
471 1065 631 1114 ejsssdem
666 1066 827 1103 hominis
858 1065 957 1102 venis
996 1072 1096 1104 totus
1133 1067 1269 1105 fincero
1302 1069 1434 1106 rubore
1464 1067 1638 1117 splendet.
1695 1066 1741 1105 Ee

141 1128 262 1174 primo
285 1127 376 1164 fetui
398 1125 561 1164 humano
588 1125 729 1174 sauguIS
760 1121 881 1162 minus
913 1123 1067 1173 pulchre
1096 1126 1202 1163 rubet
1224 1153 1234 1169 ,
1266 1127 1302 1163 &
1327 1126 1513 1163 obscurior
1538 1133 1646 1175 atque
1669 1126 1741 1163 fus-

141 1196 204 1222 cus
233 1187 372 1234 magis,
403 1196 511 1235 quam
536 1186 574 1221 in
597 1184 723 1222 adulto
755 1185 830 1231 eJus
858 1183 966 1221 color
992 1183 1050 1220 est.
1127 1183 1275 1223 Deinde
1312 1183 1339 1221 fi
1368 1182 1477 1221 etiam
1517 1185 1666 1233 propius
1694 1183 1741 1222 ad

143 1244 340 1292 primordia
355 1245 436 1280 vitae
461 1242 623 1281 animalis
649 1243 930 1292 retrospexeris,
965 1242 1196 1291 rubiginosos
1227 1241 1294 1290 [τ’]
1317 1255 1436 1292 exque
1471 1241 1566 1280 flavo
1593 1241 1735 1285 mistus,

143 1302 300 1350 denique
333 1303 433 1339 totus
463 1301 574 1339 flavus
601 1299 680 1350 [k]
704 1304 881 1354 reperitur
898 1330 908 1345 ,
941 1302 977 1339 ὃς
1003 1308 1086 1339 ante
1110 1314 1194 1341 eum
1222 1302 1410 1345 colorem,
1439 1303 1593 1339 omnino
1622 1301 1740 1350 pellu-

140 1367 197 1398 cet
222 1356 257 1407 [l
272 1361 297 1406 ].
346 1360 449 1398 Idem
475 1371 521 1397 ex
548 1360 674 1399 vitello
697 1360 790 1398 flavo
824 1360 1001 1403 nascitur,
1040 1363 1141 1409 cujus
1168 1361 1244 1400 vasa
1284 1362 1443 1405 rubent,
1469 1372 1543 1410 quo
1574 1369 1740 1409 tempore

139 1419 230 1456 nihil
257 1419 293 1454 in
320 1419 396 1456 fetu
422 1429 500 1454 non
526 1418 648 1454 album
677 1418 725 1453 est
751 1413 857 1466 [m].
891 1417 1019 1455 Flavus
1046 1421 1154 1457 etiam
1175 1422 1217 1457 iis
1239 1421 1466 1469 temporibus
1487 1426 1639 1462 manet,
1661 1421 1741 1468 qui-

141 1478 207 1514 bus
230 1478 267 1513 in
291 1486 365 1514 ovo
390 1476 483 1512 bene
496 1475 669 1513 incubato
684 1475 816 1520 rubet,
835 1477 978 1526 quoties
999 1478 1119 1516 cordis
1141 1480 1232 1517 vires
1250 1479 1436 1516 diminutae
1455 1476 1630 1525 languent
1654 1477 1745 1526 [7z].'

145 1535 188 1574 In
212 1534 376 1573 eamdem
404 1531 616 1571 flavedinem
633 1561 642 1576 ,
678 1545 725 1570 ex
765 1547 835 1582 qua
876 1545 939 1582 per
966 1536 1046 1571 vitae
1078 1538 1152 1574 vim
1179 1538 1218 1573 in
1248 1537 1422 1574 ruborem
1449 1535 1625 1585 perfestus
1661 1536 1738 1580 est,

143 1593 235 1631 redit
255 1592 354 1630 idem
373 1603 439 1646 per
466 1591 641 1637 morbos;
669 1602 714 1629 ex
749 1591 1065 1630 vehementissimis
1099 1593 1341 1645 putredinofis
1379 1594 1538 1633 febribus
1564 1589 1666 1643 [o],
1694 1604 1742 1631 ex

949 1648 976 1689 B
1041 1662 1060 1695 3
1536 1654 1743 1705 serpentum

225 1825 293 1862 [h]
317 1822 463 1855 Omnium
477 1822 684 1857 fluidiffimum
702 1829 730 1858 δε
751 1826 980 1859 mobilifflmum
1000 1826 1057 1859 ess‘e
1083 1835 1170 1859 venae
1197 1828 1235 1858 ad
1258 1834 1362 1866 portas
1379 1826 1553 1864 sanguinem
1579 1826 1742 1857 FAsnmus

143 1869 176 1900 iu
199 1866 263 1897 diss.
283 1867 320 1896 de
343 1876 380 1896 eo
405 1867 546 1905 sanguine
568 1879 595 1906 p.
616 1880 664 1902 29.
679 1869 887 1900 consentiente
912 1869 1005 1900 etiam
1031 1869 1079 1899 In.
1117 1868 1153 1899 M
1166 1879 1214 1899 rx
1228 1879 1242 1898 ε
1257 1879 1274 1897 L
1288 1879 1298 1898 ι
1316 1880 1327 1898 ι
1353 1868 1573 1906 experimento,
1595 1869 1690 1900 Mem.
1709 1869 1742 1897 de

141 1909 254 1942 l’Acad.
279 1909 312 1936 de
334 1908 428 1937 Berlin
447 1908 490 1939 T.
511 1908 585 1938 XII.
615 1911 643 1939 &
659 1908 687 1939 H
698 1919 740 1939 ευ
756 1921 772 1940 Β
784 1921 803 1940 R
814 1922 842 1941 M
856 1923 876 1941 A
888 1922 935 1941 NN
946 1922 965 1941 o
986 1910 1136 1949 Plofiolog.
1157 1908 1198 1940 T.
1212 1909 1263 1940 111.
1282 1920 1313 1947 p.
1331 1916 1401 1947 735.

215 1948 276 1984 [i]
298 1947 355 1978 LA
367 1960 385 1978 N
397 1961 413 1979 c
428 1960 438 1978 1
454 1961 465 1980 s
480 1960 489 1977 1
503 1959 523 1978 U
536 1960 547 1979 s
564 1950 582 1978 1.
608 1960 633 1979 c.
658 1960 686 1988 p.
699 1956 748 1985 81·
766 1954 903 1983 Memoir.
919 1951 977 1991 sur
994 1954 1017 1982 le
1034 1953 1128 1989 poulet
1146 1949 1185 1981 T.
1208 1949 1249 1980 ΙΙ.
1268 1960 1298 1988 p.
1313 1955 1359 1986 36.
1378 1950 1438 1980 obs.
1452 1957 1501 1979 66.
1519 1953 1567 1985 67.
1597 1950 1646 1987 69.

226 1989 302 2024 [k]
328 1988 588 2019 fflALP10H.1le
605 1989 691 2026 fbrm.
707 1989 771 2028 fetu
792 2000 865 2031 με.
887 1991 1006 2023 LANC
1022 2004 1032 2022 1
1050 2003 1083 2022 ει
1098 2002 1120 2021 1:
1135 2002 1146 2021 s
1169 1992 1189 2020 l.
1214 2002 1282 2030 op.
1299 1995 1346 2024 8¹.
1361 1990 1503 2021 SENAC
1521 1989 1563 2021 T.
1579 1989 1604 2019 Ῑ.
1629 2000 1740 2029 p.4140

142 2035 209 2067 415.
234 2032 328 2061 Mem.
346 2027 401 2066 ficr
424 2031 448 2059 le
468 2031 562 2067 pouleb
582 2030 624 2062 T.
644 2029 688 2062 II.
711 2041 738 2070 p.
756 2040 805 2068 36.
824 2039 891 2064 180.
907 2034 968 2065 obs.
984 2043 1029 2071 35.
1043 2043 1092 2071 47.
1107 2042 1152 2070 51.
1172 2044 1214 2072 53.
1227 2036 1277 2062 62.
1290 2043 1338 2068 74.
1355 2037 1460 2071 73.80.
1479 2042 1587 2069 93.95.
1605 2040 1671 2069 134.

226 2071 286 2106 [l]
310 2073 446 2102 Blemoir.
463 2070 557 2102 T.11.
576 2081 606 2109 p.
628 2080 674 2109 35.
692 2071 739 2102 B1
753 2083 827 2105 Rea
855 2073 897 2106 T·
923 2074 973 2105 Ill.
997 2085 1026 2113 p.
1047 2082 1115 2111 234.

222 2111 303 2147 [m]
328 2110 362 2140 M
379 2120 629 2150 Ar'rssssJuAN
648 2123 678 2151 p.
699 2121 743 2149 53.
760 2118 868 2153 62.63.
892 2114 944 2144 Bu
958 2127 1059 2145 Fron
1076 2113 1118 2146 T.
1136 2113 1174 2144 Π.
1189 2124 1220 2153 p.
1238 2123 1305 2154 353.
1320 2114 1534 2145 Eanum
1549 2113 1613 2143 bibl.
1628 2114 1741 2151 impart.

148 2161 231 2187 1750.
245 2150 304 2180 HA
316 2162 345 2182 M
358 2163 376 2182 B
390 2161 410 2181 υ
427 2161 445 2180 R
459 2163 486 2182 G·
508 2151 544 2182 M
556 2163 576 2182 A
590 2164 607 2183 G
618 2164 637 2183 A
652 2164 679 2183 z.
700 2154 740 2185 T.
759 2155 848 2186 XIX,
859 2167 890 2194 p.
906 2166 974 2191 ¹44-
988 2159 1083 2189 Μεηι.
1105 2156 1139 2184 de
1153 2154 1265 2186 l'Acad.
1292 2158 1324 2186 de
1346 2157 1442 2186 Berlin
1483 2164 1570 2192 1749.
1593 2153 1618 2183 B
1632 2165 1642 2183 r
1658 2163 1677 2183 R
1693 2162 1745 2184 011

144 2190 186 2222 T.
206 2190 240 2222 11
254 2190 275 2221 I.
289 2202 317 2230 p.
337 2202 405 2231 234.
426 2191 585 2223 Adnotaut
605 2189 640 2223 61.
656 2193 717 2224 viri
739 2196 921 2227 ruboremin
943 2197 1083 2235 sanguine
1097 2195 1198 2232 nasci,
1221 2200 1249 2227 S<
1268 2196 1299 2227 in
1331 2197 1423 2233 figura
1440 2196 1553 2225 venosa
1567 2204 1712 2233 apparere
1735 2212 1745 2226 2

144 2241 207 2269 quo
229 2237 366 2270 tempore
376 2232 455 2263 fetus
476 2233 538 2272 ipse
559 2235 640 2264 albus
662 2235 712 2264 est.
728 2235 805 2267 Inde
829 2248 921 2268 voces
939 2237 977 2267 D.
999 2239 1036 2268 de
1055 2239 1084 2267 la
1103 2235 1129 2266 C
1142 2240 1187 2267 A's
1200 2247 1232 2270 ε,
1245 2248 1298 2268 cor
1315 2236 1462 2276 posterius
1478 2235 1637 2274 generari,
1652 2244 1746 2274 quau·

144 2273 185 2302 do
215 2271 292 2317 vusss
309 2273 466 2319 sanguinea
487 2274 548 2310 jam
569 2284 782 2315 apparuerunt.
816 2278 878 2310 Ide'e
899 2280 1085 2314 dei'Homme
1097 2277 1230 2319 phystque
1251 2289 1280 2319 p.
1302 2287 1450 2310 100.101.
1465 2276 1586 2318 Nempe
1608 2286 1661 2308 cor
1681 2285 1745 2306 non

143 2322 275 2352 ιἐρειίη
289 2313 403 2347 credit,
419 2316 542 2352 quando
565 2322 627 2348 non
647 2317 744 2351 rubet.

227 2354 297 2390 [n]
323 2356 424 2384 Second
443 2358 536 2386 RIem.
562 2368 590 2394 p.
616 2361 684 2395 36.*

224 2394 289 2433 (ο)
308 2396 400 2426 Edim.
421 2394 475 2434 bij:
502 2406 574 2428 nov.
600 2397 642 2430 T.
661 2397 697 2430 H.
718 2405 771 2431 art.
788 2411 836 2435 29-
