1968 2706
175 181 262 218 474
528 160 675 206 LIB.
703 162 820 206 VH.
859 152 1057 204 SECT.
1091 159 1204 204 111.
1253 163 1472 204 CAUSAE

176 265 286 303 alium
307 263 504 302 humorem
519 263 686 316 percolet
705 288 718 307 ‚
741 270 781 300 ut
803 274 850 300 ex
871 275 911 301 ea
939 262 1088 313 quidem
1113 260 1306 312 hypothcfi
1327 266 1526 311 oporteret.
1577 259 1792 302 Omittimus

176 324 223 362 de
247 324 323 361 fetu
352 324 472 362 dicere
489 353 499 367 ‚
528 325 628 371 cujus
658 322 718 360 alii
736 335 756 360 a
783 324 1071 372 cognominibus
1094 323 1131 359 in
1158 324 1238 359 viro
1265 321 1480 359 humoribus
1512 320 1685 360 humores
1701 323 1791 361 fint:

176 385 216 422 in
245 385 370 422 adulto
398 385 496 421 enim
522 382 676 421 homine
703 382 829 420 eadem
863 382 912 419 est
929 411 938 426 ,
966 380 1147 421 leviffimis
1173 394 1192 419 a
1224 379 1361 425 causis,
1391 382 1430 419 in
1455 380 1581 418 iisdem
1607 381 1720 430 colis,
1747 383 1793 420 ad

174 443 472 482 transmittendos
496 442 669 480 humores
695 443 946 480 inconstantia.
993 441 1170 489 Exempla
1203 442 1440 478 excitavimus
1459 469 1470 484 ,
1494 449 1646 490 oportet
1673 448 1794 481 autem

176 503 239 541 hic
265 504 401 540 summa
432 514 551 540 rerum
583 504 699 555 capita
725 503 834 539 unice
865 502 1054 550 colligere.
1101 501 1236 539 Uterus
1275 499 1460 538 sanissimae
1473 501 1624 549 virginis
1660 502 1792 549 viginti

172 563 319 601 duobus
345 563 502 600 tribusve
527 563 565 600 in
585 561 705 599 mense
734 562 862 600 diebus
887 561 1082 599 mucosum
1117 557 1209 611 quid
1241 561 1278 597 δε
1305 567 1415 597 tenue
1440 569 1610 608 generat,
1646 561 1794 611 reliquis

172 623 312 671 septem
348 622 404 659 vel
432 622 542 666 octo,
570 633 702 672 purum
735 628 941 671 putumque
970 621 1198 669 sanguinem.
1251 618 1405 657 Vascula
1443 627 1594 659 cutanea
1629 618 1793 658 hominis

174 684 288 731 quieti
320 681 487 719 subtilem
512 682 682 732 aquulam
709 681 882 720 exhalant
905 693 914 718 ε
935 681 1087 723 eadem,
1113 679 1136 717 fi
1160 679 1216 716 vel
1244 679 1368 716 caiidae
1400 687 1508 728 potus
1525 705 1537 723 ,
1561 679 1617 717 vel
1646 680 1793 718 modica

174 739 331 778 omnino
352 744 518 791 corporis
535 742 747 779 exercitatio
764 739 967 784 accesserit,
986 748 1046 778 aut
1058 741 1173 778 acrius
1192 740 1323 776 mentis
1342 739 1499 776 studi-um
1511 765 1523 785 ‚
1541 739 1689 784 oleum,
1706 751 1793 777 cum

173 802 293 838 multo
313 801 379 838 sale
396 831 405 845 ‚
424 810 551 850 praeter
578 813 709 850 aquam
734 801 923 839 exsudant.
981 800 1108 838 Redde
1137 800 1299 849 quietern
1315 827 1325 841 ‚
1343 807 1405 836 aut
1426 798 1583 836 subitum
1606 807 1791 838 terrorem

178 870 240 896 ant
259 861 373 908 frigus
404 863 441 897 in
468 869 577 904 cute,
597 862 779 898 continuo
807 872 939 910 aquam
964 871 1103 897 meram
1133 858 1311 901 reddent,
1340 866 1401 896 aut
1427 860 1586 896 omnino
1602 859 1693 896 nihil
1714 870 1795 906 per-

174 920 361 957 colabunt.
408 919 453 956 In
485 921 599 957 urinae
628 921 866 968 generatione
892 919 1019 957 eadem
1049 919 1097 956 est
1111 917 1364 956 inconstaniia.
1412 916 1491 955 Ren
1514 918 1586 955 sani
1615 917 1789 961 hominis,

173 979 323 1016 dimidia
355 979 428 1016 fere
457 979 500 1016 ab
523 979 660 1029 aquoso
691 986 782 1029 potu
808 979 898 1017 hora
928 987 1076 1016 tenuem
1094 990 1228 1058 vam
1255 978 1470 1015 excolorem
1495 976 1621 1015 veficae
1643 978 1794 1015 submit-

170 1038 228 1076 tit.
262 1038 364 1076 Adde
387 1039 496 1076 aliam
517 1039 670 1082 hor-am,
705 1041 779 1088 jam
807 1038 894 1076 flava
927 1040 962 1077 ὃς
992 1040 1134 1076 acrior.
1166 1048 1258 1085 nega
1298 1045 1454 1086 potum,
1489 1049 1624 1086 corpus
1661 1049 1791 1075 exerce

170 1098 354 1141 honiiniss,
384 1101 516 1135 iterum
545 1099 626 1150 post
666 1098 890 1150 paneissimas
920 1098 1028 1136 horas
1065 1097 1231 1135 flammea
1252 1122 1265 1140 ,
1295 1097 1525 1147 ponderosa,
1553 1097 1641 1134 oleo
1659 1098 1695 1134 &
1722 1096 1791 1133 sale

171 1159 289 1206 gravis
312 1185 323 1199 ,
359 1171 422 1207 per
452 1159 550 1195 idem
582 1170 766 1206 organum
789 1160 893 1196 urina
920 1158 1083 1197 decedet.
1136 1155 1264 1193 Redde
1289 1162 1421 1204 potum
1439 1184 1448 1198 ,
1483 1156 1645 1204 quietem
1668 1184 1678 1198 ,
1718 1157 1791 1203 jam

169 1217 303 1266 pallida
336 1217 459 1254 denuo
491 1219 786 1255 &innocentior
817 1217 963 1254 redibit.
1012 1215 1139 1253 Lactea
1166 1214 1305 1251 vascula
1345 1226 1588 1251 mammarum
1617 1226 1748 1263 aquam
1774 1242 1785 1257 ,

168 1276 302 1325 absque
344 1277 441 1313 sensu
476 1277 549 1313 fere
575 1277 744 1324 virginis,
781 1276 999 1325 percolant,
1021 1286 1100 1324 quae
1131 1273 1194 1310 ubi
1223 1280 1304 1310 nata
1329 1274 1403 1317 est,
1424 1272 1475 1310 ita
1506 1275 1544 1310 in
1576 1273 1791 1322 sanguinem

168 1337 285 1378 redit,
320 1344 359 1372 ut
386 1334 657 1385 pellucidiffimi
688 1332 817 1372 difflus
840 1363 853 1378 ,
888 1347 975 1373 cuni
1006 1334 1085 1372 satis
1125 1332 1281 1380 grandes
1306 1332 1394 1376 sint,
1427 1333 1584 1371 omnino
1608 1333 1726 1370 oculis
1755 1333 1790 1370 se

168 1395 380 1432 subducant.
445 1395 549 1432 Adde
566 1407 664 1431 nunc
687 1397 723 1431 in
749 1395 820 1443 ipsa
847 1406 1004 1432 mannua
1019 1423 1028 1437 ‚
1050 1392 1142 1430 nihil
1163 1399 1299 1429 mutata
1316 1421 1325 1435 ,
1351 1392 1501 1441 papillae'
1518 1393 1759 1430 irritationem
1775 1417 1788 1437 ‚

166 1456 238 1503 jam
261 1456 371 1503 *copia
404 1453 557 1503 liquoris
594 1454 679 1491 oleo
707 1453 924 1504 plenissimi,
951 1452 1169 1502 caseosoq-ue
1196 1452 1334 1490 viscore
1360 1478 1372 1499 ‚
1397 1464 1461 1500 per
1487 1463 1529 1489 ea
1561 1481 1571 1495 ,
1597 1464 1697 1490 nunc
1724 1452 1788 1490 suo

168 1515 296 1552 colore
336 1513 549 1552 flavescente
590 1514 705 1551 oculis
739 1508 911 1551 faciffime
955 1512 1191 1562 pervlpienda
1233 1511 1374 1549 vascula
1420 1512 1544 1548 exibit.
1621 1511 1788 1550 Sebaceae

168 1573 354 1621 glandulae
395 1574 479 1610 alias
510 1573 566 1610 lac
596 1581 807 1622 generant,
831 1574 915 1610 alias
942 1573 1066 1610 sebum
1098 1567 1204 1620 (b).
1258 1570 1303 1608 In
1340 1570 1455 1619 adipis
1492 1570 1640 1609 cellulas
1677 1571 1790 1609 alter<

168 1636 223 1669 nis
254 1633 342 1680 [φερε
368 1634 508 1670 vicibus
535 1645 627 1682 aqua
648 1658 660 1676 ‚
685 1633 867 1680 geladna,
899 1632 1009 1681 adeps
1025 1632 1222 1682 deponitur
1246 1630 1340 1679 (c).
1374 1629 1451 1667 Soli
1472 1632 1584 1668 animi
1617 1630 1784 1674 adfectus,

165 1704 231 1740 per
255 1700 398 1734 cutem,
417 1693 509 1729 adeo
533 1694 635 1730 tenui
657 1692 806 1730 humori
827 1692 1059 1734 destinatam,
1090 1692 1300 1739 sanguinem
1322 1691 1542 1739 exprimunt.
1564 1688 1785 1740 Plerumque

167 1754 204 1788 in
240 1751 294 1787 his
327 1754 504 1799 exemplis
534 1753 633 1789 nulla
668 1752 768 1789 causa
794 1753 842 1789 est
861 1781 870 1795 ‚
900 1764 980 1802 quae
1010 1750 1224 1789 densitatem
1260 1750 1488 1789 vasculorum
1515 1750 1785 1799 percolantium

160 1811 367 1847 mutaverit-
432 1808 556 1859 Ipsum
585 1811 718 1846 vulnus
761 1812 1011 1859 cujuscunque
1056 1812 1165 1857 partis
1194 1811 1362 1858 corporis
1391 1809 1543 1844 humani
1572 1807 1785 1854 sanguinem

163 1870 287 1920 primo
319 1880 365 1905 ex
396 1866 539 1904 disciffis
565 1867 714 1904 vasculis
746 1869 1034 1916 plorat,deinde
1055 1874 1206 1904 tenuem
1227 1866 1410 1912 ‚serosum
1427 1864 1593 1909 laticem,
1623 1865 1786 1916 denique

162 1941 234 1979 :pus
267 1928 431 1966 oleosum
456 1927 492 1964 ὃς
514 1926 781 1967 viscidissimum
808 1923 904 1974 (d).
954 1926 1051 1975 Ergo
1081 1938 1146 1975 per
1179 1926 1346 1965 eamdem
1369 1925 1584 1978 particulam
1615 1927 1783 1976 corporis

167 1987 257 2026 alius
286 1988 321 2024 ὃς
345 1987 435 2024 alius
472 1987 608 2024 humor
645 1987 690 2023 de
721 1987 895 2035 sanguine
924 1986 1067 2024 secedit.
1378 2035 1380 2037 ‚

252 2046 306 2084 Ita
332 2045 479 2084 viciffim
498 2075 508 2089 ,
534 2048 633 2083 idem
665 2046 824 2088 humor,
849 2045 922 2084 suas
953 2056 1018 2094 per
1037 2045 1143 2083 dotes
1172 2044 1354 2089 definitus,
1377 2056 1441 2095 per
1463 2042 1690 2084 diverfissima
1719 2057 1781 2083 or-

165 2116 259 2154 gana
286 2106 502 2158 percolatur.
567 2105 861 2153 Repetitionibus
892 2105 1151 2143 abstinebimus
1170 2133 1180 2148 ,
1222 2104 1464 2142 indicabimus
1507 2104 1646 2142 titulos.
1706 2103 1784 2143 Lac

167 2176 233 2214 per
293 2165 483 2214 glandulas
526 2165 678 2203 femoris
721 2165 874 2204 effusum
909 2165 1066 2214 legimus
1104 2161 1209 2214 (e),
1247 2164 1358 2202 bilem
1391 2164 1570 2202 ictericam
1608 2164 1654 2201 de
1700 2171 1783 2201 cute

1623 2222 1779 2266 sudasse,

250 2324 320 2360 (b)
344 2321 653 2354 Esar-innuant!
687 2328 767 2355 anat.
784 2333 815 2362 p.
840 2334 908 2361 327.

242 2365 317 2402 (C)
345 2363 377 2394 L.
407 2363 430 2393 I·
456 2366 542 2396 sect!
562 2365 618 2398 [Vc

251 2408 319 2442 (d)
344 2405 434 2451 (jouf.
452 2419 482 2448 p.
510 2416 575 2445 373⁰

251 2449 319 2487 (e)
347 2447 418 2478 mid.
