<?xml version="1.0" encoding="UTF-8"?>
<!DOCTYPE html PUBLIC "-//W3C//DTD XHTML 1.0 Transitional//EN"
    "http://www.w3.org/TR/xhtml1/DTD/xhtml1-transitional.dtd">
<html xmlns="http://www.w3.org/1999/xhtml" xml:lang="en" lang="en">
 <head>
  <title>
</title>
<meta http-equiv="Content-Type" content="text/html;charset=utf-8" />
  <meta name='ocr-system' content='tesseract 3.04.00' />
  <meta name='ocr-capabilities' content='ocr_page ocr_carea ocr_par ocr_line ocrx_word'/>
</head>
<body>
  <div class='ocr_page' id='page_1' title='image "./elementaphysiolo02hall_0295.png"; bbox 0 0 1968 2706; ppageno 0'>
   <div class='ocr_carea' id='block_1_1' title="bbox 465 139 1666 192">
    <p class='ocr_par' dir='ltr' id='par_1_1' title="bbox 465 139 1666 192">
     <span class='ocr_line' id='line_1_1' title="bbox 465 139 1666 192; baseline -0.003 -10"><span class='ocrx_word' id='word_1_1' title='bbox 465 139 650 183; x_wconf 72' lang='lat' dir='ltr'>morl</span> <span class='ocrx_word' id='word_1_2' title='bbox 725 139 1091 181; x_wconf 82' lang='lat' dir='ltr'><strong>EFFECTUS.</strong></span> <span class='ocrx_word' id='word_1_3' title='bbox 1241 185 1244 188; x_wconf 62' lang='grc'><strong>,</strong></span> <span class='ocrx_word' id='word_1_4' title='bbox 1577 150 1666 192; x_wconf 54' lang='lat'>279</span> 
     </span>
    </p>
   </div>
   <div class='ocr_carea' id='block_1_2' title="bbox 58 231 1676 1819">
    <p class='ocr_par' dir='ltr' id='par_1_2' title="bbox 58 231 1661 996">
     <span class='ocr_line' id='line_1_2' title="bbox 58 231 1656 291; baseline -0.004 -13"><span class='ocrx_word' id='word_1_5' title='bbox 58 244 203 279; x_wconf 70' lang='lat' dir='ltr'>rarcetur</span> <span class='ocrx_word' id='word_1_6' title='bbox 220 268 230 283; x_wconf 86' lang='lat'>‚</span> <span class='ocrx_word' id='word_1_7' title='bbox 253 240 336 291; x_wconf 85' lang='lat' dir='ltr'>post</span> <span class='ocrx_word' id='word_1_8' title='bbox 360 237 522 276; x_wconf 74' lang='lat' dir='ltr'>triduum</span> <span class='ocrx_word' id='word_1_9' title='bbox 548 237 668 287; x_wconf 82' lang='lat' dir='ltr'>pulsus</span> <span class='ocrx_word' id='word_1_10' title='bbox 700 234 740 273; x_wconf 89' lang='lat' dir='ltr'>in</span> <span class='ocrx_word' id='word_1_11' title='bbox 775 248 925 286; x_wconf 89' lang='lat' dir='ltr'>carpum</span> <span class='ocrx_word' id='word_1_12' title='bbox 961 237 997 273; x_wconf 64' lang='grc' dir='ltr'>ὃς</span> <span class='ocrx_word' id='word_1_13' title='bbox 1022 248 1092 273; x_wconf 76' lang='lat' dir='ltr'>una</span> <span class='ocrx_word' id='word_1_14' title='bbox 1118 237 1221 275; x_wconf 76' lang='lat' dir='ltr'>calor</span> <span class='ocrx_word' id='word_1_15' title='bbox 1244 231 1317 287; x_wconf 79' lang='grc' dir='ltr'>(Ξ)</span> <span class='ocrx_word' id='word_1_16' title='bbox 1346 265 1356 280; x_wconf 87' lang='grc'><em>,</em></span> <span class='ocrx_word' id='word_1_17' title='bbox 1384 237 1421 273; x_wconf 71' lang='grc' dir='ltr'>δε</span> <span class='ocrx_word' id='word_1_18' title='bbox 1453 237 1525 273; x_wconf 69' lang='lat' dir='ltr'>vita</span> <span class='ocrx_word' id='word_1_19' title='bbox 1552 237 1656 273; x_wconf 63' lang='lat' dir='ltr'>redit.</span> 
     </span>
     <span class='ocr_line' id='line_1_3' title="bbox 60 293 1659 349; baseline -0.003 -13"><span class='ocrx_word' id='word_1_20' title='bbox 60 298 208 349; x_wconf 80' lang='lat' dir='ltr'><strong>Nempe</strong></span> <span class='ocrx_word' id='word_1_21' title='bbox 231 311 296 348; x_wconf 88' lang='lat' dir='ltr'>per</span> <span class='ocrx_word' id='word_1_22' title='bbox 314 299 472 336; x_wconf 80' lang='lat' dir='ltr'>ramulos</span> <span class='ocrx_word' id='word_1_23' title='bbox 502 299 637 336; x_wconf 85' lang='lat' dir='ltr'>arteriae</span> <span class='ocrx_word' id='word_1_24' title='bbox 658 295 848 345; x_wconf 74' lang='lat' dir='ltr'>profundae</span> <span class='ocrx_word' id='word_1_25' title='bbox 877 297 920 332; x_wconf 81' lang='lat' dir='ltr'>ab</span> <span class='ocrx_word' id='word_1_26' title='bbox 944 295 1150 333; x_wconf 84' lang='lat' dir='ltr'>humeraria</span> <span class='ocrx_word' id='word_1_27' title='bbox 1179 293 1266 348; x_wconf 82' lang='lat' dir='ltr'>(k)</span> <span class='ocrx_word' id='word_1_28' title='bbox 1285 325 1296 340; x_wconf 84' lang='lat'>‚</span> <span class='ocrx_word' id='word_1_29' title='bbox 1324 296 1360 333; x_wconf 88' lang='lat'>&amp;</span> <span class='ocrx_word' id='word_1_30' title='bbox 1387 297 1462 343; x_wconf 84' lang='lat' dir='ltr'>ejus</span> <span class='ocrx_word' id='word_1_31' title='bbox 1484 307 1593 344; x_wconf 81' lang='lat' dir='ltr'>quam</span> <span class='ocrx_word' id='word_1_32' title='bbox 1624 307 1659 332; x_wconf 91' lang='lat' dir='ltr'>a-</span> 
     </span>
     <span class='ocr_line' id='line_1_4' title="bbox 63 352 1658 408; baseline -0.002 -14"><span class='ocrx_word' id='word_1_33' title='bbox 63 357 343 395; x_wconf 82' lang='lat' dir='ltr'>nastomoticam</span> <span class='ocrx_word' id='word_1_34' title='bbox 368 352 447 408; x_wconf 86' lang='lat' dir='ltr'>(l)</span> <span class='ocrx_word' id='word_1_35' title='bbox 468 357 544 393; x_wconf 82' lang='lat' dir='ltr'>dixi</span> <span class='ocrx_word' id='word_1_36' title='bbox 569 382 583 400; x_wconf 88' lang='lat'>,</span> <span class='ocrx_word' id='word_1_37' title='bbox 615 355 697 404; x_wconf 85' lang='lat' dir='ltr'>post</span> <span class='ocrx_word' id='word_1_38' title='bbox 722 354 908 392; x_wconf 79' lang='lat' dir='ltr'>vinculum</span> <span class='ocrx_word' id='word_1_39' title='bbox 937 355 1133 403; x_wconf 61' lang='lat' dir='ltr'>injectum,</span> <span class='ocrx_word' id='word_1_40' title='bbox 1157 355 1323 393; x_wconf 80' lang='lat' dir='ltr'>dilatatos</span> <span class='ocrx_word' id='word_1_41' title='bbox 1339 355 1518 403; x_wconf 82' lang='lat' dir='ltr'>sanguinis</span> <span class='ocrx_word' id='word_1_42' title='bbox 1556 365 1658 391; x_wconf 82' lang='lat' dir='ltr'>nunc</span> 
     </span>
     <span class='ocr_line' id='line_1_5' title="bbox 62 412 1658 464; baseline -0.003 -11"><span class='ocrx_word' id='word_1_43' title='bbox 62 422 205 454; x_wconf 77' lang='lat' dir='ltr'>tantum</span> <span class='ocrx_word' id='word_1_44' title='bbox 224 416 269 453; x_wconf 89' lang='lat' dir='ltr'>ad</span> <span class='ocrx_word' id='word_1_45' title='bbox 290 423 385 454; x_wconf 84' lang='lat' dir='ltr'>artus</span> <span class='ocrx_word' id='word_1_46' title='bbox 413 422 552 464; x_wconf 84' lang='lat' dir='ltr'>partem</span> <span class='ocrx_word' id='word_1_47' title='bbox 581 413 731 451; x_wconf 84' lang='lat' dir='ltr'>vinculo</span> <span class='ocrx_word' id='word_1_48' title='bbox 760 413 951 461; x_wconf 62' lang='lat' dir='ltr'>subjed&#39;ram</span> <span class='ocrx_word' id='word_1_49' title='bbox 974 414 1090 457; x_wconf 84' lang='lat' dir='ltr'>redit,</span> <span class='ocrx_word' id='word_1_50' title='bbox 1128 422 1306 464; x_wconf 86' lang='lat' dir='ltr'>quantum</span> <span class='ocrx_word' id='word_1_51' title='bbox 1333 414 1377 452; x_wconf 80' lang='lat' dir='ltr'>ad</span> <span class='ocrx_word' id='word_1_52' title='bbox 1406 412 1548 463; x_wconf 84' lang='lat' dir='ltr'>pulsum</span> <span class='ocrx_word' id='word_1_53' title='bbox 1565 439 1577 457; x_wconf 97' lang='lat'><strong><em>,</em></strong></span> <span class='ocrx_word' id='word_1_54' title='bbox 1606 414 1658 450; x_wconf 92' lang='lat' dir='ltr'>vi-</span> 
     </span>
     <span class='ocr_line' id='line_1_6' title="bbox 61 472 1656 524; baseline -0.003 -12"><span class='ocrx_word' id='word_1_55' title='bbox 61 482 214 524; x_wconf 85' lang='lat' dir='ltr'><strong>tamque</strong></span> <span class='ocrx_word' id='word_1_56' title='bbox 242 474 377 512; x_wconf 85' lang='lat' dir='ltr'>sufficit.</span> <span class='ocrx_word' id='word_1_57' title='bbox 404 473 560 512; x_wconf 81' lang='lat' dir='ltr'>Perinde</span> <span class='ocrx_word' id='word_1_58' title='bbox 583 474 658 510; x_wconf 87' lang='lat' dir='ltr'>vidi</span> <span class='ocrx_word' id='word_1_59' title='bbox 687 473 830 509; x_wconf 88' lang='lat' dir='ltr'>evenire</span> <span class='ocrx_word' id='word_1_60' title='bbox 846 500 855 514; x_wconf 86' lang='lat'><strong><em>‚</em></strong></span> <span class='ocrx_word' id='word_1_61' title='bbox 883 484 968 510; x_wconf 86' lang='lat' dir='ltr'>cum</span> <span class='ocrx_word' id='word_1_62' title='bbox 1001 475 1168 510; x_wconf 83' lang='lat' dir='ltr'>arteriam</span> <span class='ocrx_word' id='word_1_63' title='bbox 1191 473 1410 510; x_wconf 84' lang='lat' dir='ltr'>brachialem</span> <span class='ocrx_word' id='word_1_64' title='bbox 1436 472 1542 521; x_wconf 85' lang='lat' dir='ltr'>ligari</span> <span class='ocrx_word' id='word_1_65' title='bbox 1566 483 1656 519; x_wconf 79' lang='lat' dir='ltr'>prae-</span> 
     </span>
     <span class='ocr_line' id='line_1_7' title="bbox 64 531 1656 583; baseline -0.002 -12"><span class='ocrx_word' id='word_1_66' title='bbox 64 533 231 583; x_wconf 77' lang='lat' dir='ltr'>cepissem</span> <span class='ocrx_word' id='word_1_67' title='bbox 247 562 257 577; x_wconf 85' lang='lat'>,</span> <span class='ocrx_word' id='word_1_68' title='bbox 287 545 407 582; x_wconf 89' lang='lat' dir='ltr'>neque</span> <span class='ocrx_word' id='word_1_69' title='bbox 432 535 530 569; x_wconf 89' lang='lat' dir='ltr'>enim</span> <span class='ocrx_word' id='word_1_70' title='bbox 551 532 618 570; x_wconf 85' lang='lat' dir='ltr'>alia</span> <span class='ocrx_word' id='word_1_71' title='bbox 641 531 824 580; x_wconf 78' lang='lat' dir='ltr'>supererat</span> <span class='ocrx_word' id='word_1_72' title='bbox 846 532 901 569; x_wconf 87' lang='lat' dir='ltr'>via</span> <span class='ocrx_word' id='word_1_73' title='bbox 927 558 940 576; x_wconf 78' lang='lat'>,</span> <span class='ocrx_word' id='word_1_74' title='bbox 968 543 1038 581; x_wconf 85' lang='lat' dir='ltr'>qua</span> <span class='ocrx_word' id='word_1_75' title='bbox 1064 532 1244 580; x_wconf 81' lang='lat' dir='ltr'>sanguinis</span> <span class='ocrx_word' id='word_1_76' title='bbox 1269 533 1316 569; x_wconf 87' lang='lat' dir='ltr'>de</span> <span class='ocrx_word' id='word_1_77' title='bbox 1348 533 1474 569; x_wconf 85' lang='lat' dir='ltr'>arteria</span> <span class='ocrx_word' id='word_1_78' title='bbox 1508 531 1656 581; x_wconf 83' lang='lat' dir='ltr'>pollicis</span> 
     </span>
     <span class='ocr_line' id='line_1_8' title="bbox 64 590 1659 640; baseline -0.001 -10"><span class='ocrx_word' id='word_1_79' title='bbox 64 593 217 630; x_wconf 83' lang='lat' dir='ltr'>subinde</span> <span class='ocrx_word' id='word_1_80' title='bbox 240 591 463 630; x_wconf 75' lang='lat' dir='ltr'>renascentes</span> <span class='ocrx_word' id='word_1_81' title='bbox 483 592 627 640; x_wconf 62' lang='lat' dir='ltr'>jacturas</span> <span class='ocrx_word' id='word_1_82' title='bbox 645 590 927 639; x_wconf 78' lang='lat' dir='ltr'>compescerem.</span> <span class='ocrx_word' id='word_1_83' title='bbox 967 590 1033 628; x_wconf 86' lang='lat' dir='ltr'>Per</span> <span class='ocrx_word' id='word_1_84' title='bbox 1048 602 1172 628; x_wconf 85' lang='lat' dir='ltr'>arcum</span> <span class='ocrx_word' id='word_1_85' title='bbox 1188 603 1322 640; x_wconf 83' lang='lat' dir='ltr'>nempe</span> <span class='ocrx_word' id='word_1_86' title='bbox 1336 591 1497 627; x_wconf 89' lang='lat' dir='ltr'>volarem</span> <span class='ocrx_word' id='word_1_87' title='bbox 1517 598 1659 628; x_wconf 89' lang='lat' dir='ltr'>utrum-</span> 
     </span>
     <span class='ocr_line' id='line_1_9' title="bbox 65 647 1660 702; baseline -0.003 -12"><span class='ocrx_word' id='word_1_88' title='bbox 65 665 138 702; x_wconf 85' lang='lat' dir='ltr'>que</span> <span class='ocrx_word' id='word_1_89' title='bbox 157 652 235 699; x_wconf 86' lang='lat' dir='ltr'>(m)</span> <span class='ocrx_word' id='word_1_90' title='bbox 249 650 389 699; x_wconf 82' lang='lat' dir='ltr'>sanguis</span> <span class='ocrx_word' id='word_1_91' title='bbox 402 680 412 694; x_wconf 91' lang='lat'><strong>,</strong></span> <span class='ocrx_word' id='word_1_92' title='bbox 426 663 471 687; x_wconf 79' lang='lat' dir='ltr'>ex</span> <span class='ocrx_word' id='word_1_93' title='bbox 485 651 791 688; x_wconf 81' lang='lat' dir='ltr'>ulnaritruncoin</span> <span class='ocrx_word' id='word_1_94' title='bbox 809 649 978 687; x_wconf 76' lang='lat' dir='ltr'>radialem</span> <span class='ocrx_word' id='word_1_95' title='bbox 996 678 1006 692; x_wconf 92' lang='lat'><strong>,</strong></span> <span class='ocrx_word' id='word_1_96' title='bbox 1023 650 1104 697; x_wconf 86' lang='lat' dir='ltr'>post</span> <span class='ocrx_word' id='word_1_97' title='bbox 1123 650 1269 687; x_wconf 87' lang='lat' dir='ltr'>brevem</span> <span class='ocrx_word' id='word_1_98' title='bbox 1285 661 1426 687; x_wconf 85' lang='lat' dir='ltr'>moram</span> <span class='ocrx_word' id='word_1_99' title='bbox 1447 648 1564 686; x_wconf 88' lang='lat' dir='ltr'>rediit.</span> <span class='ocrx_word' id='word_1_100' title='bbox 1584 647 1660 687; x_wconf 75' lang='lat' dir='ltr'>Sed</span> 
     </span>
     <span class='ocr_line' id='line_1_10' title="bbox 65 707 1661 758; baseline -0.003 -10"><span class='ocrx_word' id='word_1_101' title='bbox 65 713 197 757; x_wconf 87' lang='lat' dir='ltr'>etiam,</span> <span class='ocrx_word' id='word_1_102' title='bbox 212 722 298 748; x_wconf 87' lang='lat' dir='ltr'>cum</span> <span class='ocrx_word' id='word_1_103' title='bbox 314 709 501 747; x_wconf 82' lang='lat' dir='ltr'>brachium</span> <span class='ocrx_word' id='word_1_104' title='bbox 522 721 617 758; x_wconf 91' lang='lat' dir='ltr'>pene</span> <span class='ocrx_word' id='word_1_105' title='bbox 632 710 774 756; x_wconf 87' lang='lat' dir='ltr'>integre</span> <span class='ocrx_word' id='word_1_106' title='bbox 798 708 982 757; x_wconf 66' lang='lat' dir='ltr'>praecisum</span> <span class='ocrx_word' id='word_1_107' title='bbox 1000 707 1119 746; x_wconf 77' lang='lat' dir='ltr'>fuisset</span> <span class='ocrx_word' id='word_1_108' title='bbox 1133 737 1143 752; x_wconf 88' lang='lat'>,</span> <span class='ocrx_word' id='word_1_109' title='bbox 1163 711 1272 747; x_wconf 87' lang='lat' dir='ltr'>tertio</span> <span class='ocrx_word' id='word_1_110' title='bbox 1300 710 1356 745; x_wconf 89' lang='lat' dir='ltr'>die</span> <span class='ocrx_word' id='word_1_111' title='bbox 1374 708 1493 756; x_wconf 86' lang='lat' dir='ltr'>pulsus</span> <span class='ocrx_word' id='word_1_112' title='bbox 1517 708 1623 744; x_wconf 85' lang='lat' dir='ltr'>rediit</span> <span class='ocrx_word' id='word_1_113' title='bbox 1646 732 1661 751; x_wconf 85' lang='lat'>,</span> 
     </span>
     <span class='ocr_line' id='line_1_11' title="bbox 64 767 1660 819; baseline -0.003 -12"><span class='ocrx_word' id='word_1_114' title='bbox 64 771 179 819; x_wconf 88' lang='lat' dir='ltr'>inque</span> <span class='ocrx_word' id='word_1_115' title='bbox 205 781 315 806; x_wconf 83' lang='lat' dir='ltr'>manu</span> <span class='ocrx_word' id='word_1_116' title='bbox 347 769 446 806; x_wconf 89' lang='lat' dir='ltr'>calor</span> <span class='ocrx_word' id='word_1_117' title='bbox 479 768 566 817; x_wconf 85' lang='lat' dir='ltr'>(n).</span> <span class='ocrx_word' id='word_1_118' title='bbox 595 769 634 806; x_wconf 90' lang='lat' dir='ltr'>ln</span> <span class='ocrx_word' id='word_1_119' title='bbox 662 767 809 804; x_wconf 86' lang='lat' dir='ltr'>canibus</span> <span class='ocrx_word' id='word_1_120' title='bbox 837 767 1035 805; x_wconf 85' lang='lat' dir='ltr'>carotidem</span> <span class='ocrx_word' id='word_1_121' title='bbox 1060 767 1150 818; x_wconf 79' lang='lat' dir='ltr'>saepe</span> <span class='ocrx_word' id='word_1_122' title='bbox 1178 777 1238 804; x_wconf 89' lang='lat' dir='ltr'>aut</span> <span class='ocrx_word' id='word_1_123' title='bbox 1257 768 1431 809; x_wconf 82' lang='lat' dir='ltr'>alteram,</span> <span class='ocrx_word' id='word_1_124' title='bbox 1449 774 1509 803; x_wconf 88' lang='lat' dir='ltr'>aut</span> <span class='ocrx_word' id='word_1_125' title='bbox 1524 773 1660 802; x_wconf 83' lang='lat' dir='ltr'>utram-</span> 
     </span>
     <span class='ocr_line' id='line_1_12' title="bbox 67 825 1660 878; baseline -0.003 -12"><span class='ocrx_word' id='word_1_126' title='bbox 67 841 138 878; x_wconf 88' lang='lat' dir='ltr'>que</span> <span class='ocrx_word' id='word_1_127' title='bbox 158 828 306 865; x_wconf 79' lang='lat' dir='ltr'>vinculo</span> <span class='ocrx_word' id='word_1_128' title='bbox 332 828 516 876; x_wconf 72' lang='lat' dir='ltr'>intercepi.</span> <span class='ocrx_word' id='word_1_129' title='bbox 536 827 650 873; x_wconf 84' lang='grc' dir='ltr'>(ο),</span> <span class='ocrx_word' id='word_1_130' title='bbox 678 838 797 876; x_wconf 89' lang='lat' dir='ltr'>neque</span> <span class='ocrx_word' id='word_1_131' title='bbox 823 826 1023 876; x_wconf 80' lang='lat' dir='ltr'>quidquam</span> <span class='ocrx_word' id='word_1_132' title='bbox 1046 827 1130 863; x_wconf 87' lang='lat' dir='ltr'>inde</span> <span class='ocrx_word' id='word_1_133' title='bbox 1163 827 1249 864; x_wconf 87' lang='lat' dir='ltr'>mali</span> <span class='ocrx_word' id='word_1_134' title='bbox 1285 827 1416 863; x_wconf 87' lang='lat' dir='ltr'>evenit.</span> <span class='ocrx_word' id='word_1_135' title='bbox 1475 825 1570 862; x_wconf 90' lang='lat' dir='ltr'>Cum</span> <span class='ocrx_word' id='word_1_136' title='bbox 1601 832 1660 861; x_wconf 89' lang='lat' dir='ltr'>tu·-</span> 
     </span>
     <span class='ocr_line' id='line_1_13' title="bbox 67 882 1659 934; baseline -0.003 -9"><span class='ocrx_word' id='word_1_137' title='bbox 67 899 173 925; x_wconf 88' lang='lat' dir='ltr'>more</span> <span class='ocrx_word' id='word_1_138' title='bbox 199 887 402 924; x_wconf 88' lang='lat' dir='ltr'>carotidem</span> <span class='ocrx_word' id='word_1_139' title='bbox 429 886 495 933; x_wconf 81' lang='lat'>(&amp;</span> <span class='ocrx_word' id='word_1_140' title='bbox 518 892 705 923; x_wconf 82' lang='lat' dir='ltr'>externam</span> <span class='ocrx_word' id='word_1_141' title='bbox 735 897 804 923; x_wconf 86' lang='lat' dir='ltr'>una</span> <span class='ocrx_word' id='word_1_142' title='bbox 817 886 1020 934; x_wconf 84' lang='lat' dir='ltr'>jugularem</span> <span class='ocrx_word' id='word_1_143' title='bbox 1040 882 1056 934; x_wconf 91' lang='lat'><em>)</em></span> <span class='ocrx_word' id='word_1_144' title='bbox 1075 885 1266 934; x_wconf 86' lang='lat' dir='ltr'>chirurgus</span> <span class='ocrx_word' id='word_1_145' title='bbox 1287 885 1420 934; x_wconf 88' lang='lat' dir='ltr'>absque</span> <span class='ocrx_word' id='word_1_146' title='bbox 1436 883 1659 922; x_wconf 84' lang='lat' dir='ltr'>detrimento</span> 
     </span>
     <span class='ocr_line' id='line_1_14' title="bbox 68 943 561 996; baseline -0.008 -13"><span class='ocrx_word' id='word_1_147' title='bbox 68 945 225 985; x_wconf 79' lang='lat' dir='ltr'>sanitat1s</span> <span class='ocrx_word' id='word_1_148' title='bbox 249 946 450 993; x_wconf 86' lang='lat' dir='ltr'>exstirpavit</span> <span class='ocrx_word' id='word_1_149' title='bbox 470 946 518 996; x_wconf 81' lang='lat' dir='ltr'>(p</span> <span class='ocrx_word' id='word_1_150' title='bbox 531 943 561 990; x_wconf 93' lang='lat'>).</span> 
     </span>
    </p>

    <p class='ocr_par' dir='ltr' id='par_1_3' title="bbox 70 1000 1676 1819">
     <span class='ocr_line' id='line_1_15' title="bbox 156 1000 1666 1051; baseline -0.001 -10"><span class='ocrx_word' id='word_1_151' title='bbox 156 1003 292 1042; x_wconf 85' lang='lat' dir='ltr'>Obiter</span> <span class='ocrx_word' id='word_1_152' title='bbox 316 1005 377 1042; x_wconf 89' lang='lat' dir='ltr'>ista</span> <span class='ocrx_word' id='word_1_153' title='bbox 393 1032 403 1047; x_wconf 90' lang='lat'>‚</span> <span class='ocrx_word' id='word_1_154' title='bbox 439 1015 522 1045; x_wconf 87' lang='lat' dir='ltr'>narn</span> <span class='ocrx_word' id='word_1_155' title='bbox 551 1001 827 1042; x_wconf 85' lang='lat' dir='ltr'>anastomofium</span> <span class='ocrx_word' id='word_1_156' title='bbox 846 1001 944 1045; x_wconf 79' lang='lat' dir='ltr'>aliae,</span> <span class='ocrx_word' id='word_1_157' title='bbox 970 1002 1005 1039; x_wconf 62' lang='grc' dir='ltr'>ὃς</span> <span class='ocrx_word' id='word_1_158' title='bbox 1023 1013 1102 1051; x_wconf 84' lang='lat' dir='ltr'>quae</span> <span class='ocrx_word' id='word_1_159' title='bbox 1124 1002 1239 1049; x_wconf 87' lang='lat' dir='ltr'>magis</span> <span class='ocrx_word' id='word_1_160' title='bbox 1253 1001 1360 1048; x_wconf 82' lang='lat' dir='ltr'>huJ‘us</span> <span class='ocrx_word' id='word_1_161' title='bbox 1388 1000 1463 1037; x_wconf 85' lang='lat' dir='ltr'>loei</span> <span class='ocrx_word' id='word_1_162' title='bbox 1490 1000 1558 1037; x_wconf 82' lang='lat' dir='ltr'>sint</span> <span class='ocrx_word' id='word_1_163' title='bbox 1574 1027 1586 1045; x_wconf 86' lang='lat'>‚</span> <span class='ocrx_word' id='word_1_164' title='bbox 1604 1001 1666 1039; x_wconf 89' lang='lat' dir='ltr'>ad-</span> 
     </span>
     <span class='ocr_line' id='line_1_16' title="bbox 70 1058 1665 1108; baseline -0.001 -8"><span class='ocrx_word' id='word_1_165' title='bbox 70 1062 245 1101; x_wconf 69' lang='lat' dir='ltr'>feffiones</span> <span class='ocrx_word' id='word_1_166' title='bbox 272 1058 362 1101; x_wconf 75' lang='lat' dir='ltr'>sunt.</span> <span class='ocrx_word' id='word_1_167' title='bbox 395 1061 491 1100; x_wconf 87' lang='lat' dir='ltr'>Cum</span> <span class='ocrx_word' id='word_1_168' title='bbox 515 1073 647 1108; x_wconf 77' lang='lat' dir='ltr'>nempe</span> <span class='ocrx_word' id='word_1_169' title='bbox 674 1063 754 1100; x_wconf 76' lang='lat' dir='ltr'>duae</span> <span class='ocrx_word' id='word_1_170' title='bbox 783 1062 919 1100; x_wconf 77' lang='lat' dir='ltr'>arteriae</span> <span class='ocrx_word' id='word_1_171' title='bbox 943 1073 1058 1097; x_wconf 72' lang='lat' dir='ltr'>ramos</span> <span class='ocrx_word' id='word_1_172' title='bbox 1076 1061 1232 1097; x_wconf 82' lang='lat' dir='ltr'>habeant</span> <span class='ocrx_word' id='word_1_173' title='bbox 1259 1061 1441 1098; x_wconf 87' lang='lat' dir='ltr'>contrario</span> <span class='ocrx_word' id='word_1_174' title='bbox 1465 1061 1570 1097; x_wconf 64' lang='lat' dir='ltr'>ductu</span> <span class='ocrx_word' id='word_1_175' title='bbox 1585 1072 1665 1098; x_wconf 91' lang='lat' dir='ltr'>mu-</span> 
     </span>
     <span class='ocr_line' id='line_1_17' title="bbox 72 1119 1663 1172; baseline -0.003 -12"><span class='ocrx_word' id='word_1_176' title='bbox 72 1129 138 1160; x_wconf 94' lang='lat' dir='ltr'>tuo</span> <span class='ocrx_word' id='word_1_177' title='bbox 161 1123 207 1159; x_wconf 53' lang='lat' dir='ltr'>in*</span> <span class='ocrx_word' id='word_1_178' title='bbox 228 1122 262 1159; x_wconf 85' lang='lat' dir='ltr'>se</span> <span class='ocrx_word' id='word_1_179' title='bbox 290 1121 473 1163; x_wconf 77' lang='lat' dir='ltr'>inmissos,</span> <span class='ocrx_word' id='word_1_180' title='bbox 501 1121 619 1172; x_wconf 88' lang='lat' dir='ltr'>potest</span> <span class='ocrx_word' id='word_1_181' title='bbox 649 1121 797 1159; x_wconf 57' lang='lat' dir='ltr'>directio</span> <span class='ocrx_word' id='word_1_182' title='bbox 821 1119 960 1157; x_wconf 84' lang='lat' dir='ltr'>facilius</span> <span class='ocrx_word' id='word_1_183' title='bbox 988 1121 1140 1162; x_wconf 82' lang='lat' dir='ltr'>mutari,</span> <span class='ocrx_word' id='word_1_184' title='bbox 1172 1131 1243 1168; x_wconf 82' lang='lat' dir='ltr'>qua</span> <span class='ocrx_word' id='word_1_185' title='bbox 1264 1119 1404 1166; x_wconf 86' lang='lat' dir='ltr'>sanguis</span> <span class='ocrx_word' id='word_1_186' title='bbox 1430 1130 1494 1167; x_wconf 87' lang='lat' dir='ltr'>per</span> <span class='ocrx_word' id='word_1_187' title='bbox 1520 1120 1663 1157; x_wconf 85' lang='lat' dir='ltr'>minora</span> 
     </span>
     <span class='ocr_line' id='line_1_18' title="bbox 70 1177 1661 1232; baseline -0.002 -14"><span class='ocrx_word' id='word_1_188' title='bbox 70 1181 211 1218; x_wconf 84' lang='lat' dir='ltr'>vascula</span> <span class='ocrx_word' id='word_1_189' title='bbox 237 1180 356 1219; x_wconf 88' lang='lat' dir='ltr'>fertur.</span> <span class='ocrx_word' id='word_1_190' title='bbox 402 1180 439 1217; x_wconf 89' lang='lat' dir='ltr'>Si</span> <span class='ocrx_word' id='word_1_191' title='bbox 461 1180 498 1216; x_wconf 89' lang='lat' dir='ltr'>in</span> <span class='ocrx_word' id='word_1_192' title='bbox 523 1181 649 1217; x_wconf 83' lang='lat' dir='ltr'>arteria</span> <span class='ocrx_word' id='word_1_193' title='bbox 666 1180 871 1232; x_wconf 86' lang='lat' dir='ltr'>superiori,</span> <span class='ocrx_word' id='word_1_194' title='bbox 898 1179 935 1214; x_wconf 91' lang='lat' dir='ltr'>in</span> <span class='ocrx_word' id='word_1_195' title='bbox 953 1178 1127 1226; x_wconf 84' lang='lat' dir='ltr'>exemplo</span> <span class='ocrx_word' id='word_1_196' title='bbox 1150 1206 1159 1220; x_wconf 94' lang='lat'>,</span> <span class='ocrx_word' id='word_1_197' title='bbox 1186 1177 1346 1216; x_wconf 76' lang='lat' dir='ltr'>celeritas</span> <span class='ocrx_word' id='word_1_198' title='bbox 1374 1180 1489 1225; x_wconf 88' lang='lat' dir='ltr'>major</span> <span class='ocrx_word' id='word_1_199' title='bbox 1517 1178 1625 1215; x_wconf 86' lang='lat' dir='ltr'>fuerit</span> <span class='ocrx_word' id='word_1_200' title='bbox 1649 1206 1661 1220; x_wconf 91' lang='lat'>‚</span> 
     </span>
     <span class='ocr_line' id='line_1_19' title="bbox 72 1235 1667 1288; baseline -0.002 -11"><span class='ocrx_word' id='word_1_201' title='bbox 72 1239 214 1288; x_wconf 84' lang='lat' dir='ltr'>sanguis</span> <span class='ocrx_word' id='word_1_202' title='bbox 240 1240 411 1277; x_wconf 88' lang='lat' dir='ltr'>deorsum</span> <span class='ocrx_word' id='word_1_203' title='bbox 440 1250 502 1287; x_wconf 85' lang='lat' dir='ltr'>per</span> <span class='ocrx_word' id='word_1_204' title='bbox 533 1239 678 1276; x_wconf 85' lang='lat' dir='ltr'>alteram</span> <span class='ocrx_word' id='word_1_205' title='bbox 705 1241 869 1277; x_wconf 81' lang='lat' dir='ltr'>arteriam</span> <span class='ocrx_word' id='word_1_206' title='bbox 891 1244 1017 1284; x_wconf 87' lang='lat' dir='ltr'>agetur</span> <span class='ocrx_word' id='word_1_207' title='bbox 1037 1262 1049 1282; x_wconf 90' lang='lat'>,</span> <span class='ocrx_word' id='word_1_208' title='bbox 1077 1248 1154 1286; x_wconf 81' lang='lat' dir='ltr'>quae</span> <span class='ocrx_word' id='word_1_209' title='bbox 1182 1248 1281 1274; x_wconf 89' lang='lat' dir='ltr'>nunc</span> <span class='ocrx_word' id='word_1_210' title='bbox 1310 1248 1379 1285; x_wconf 88' lang='lat' dir='ltr'>pro</span> <span class='ocrx_word' id='word_1_211' title='bbox 1399 1248 1489 1273; x_wconf 84' lang='lat' dir='ltr'>vena</span> <span class='ocrx_word' id='word_1_212' title='bbox 1513 1238 1593 1274; x_wconf 89' lang='lat' dir='ltr'>erit.</span> <span class='ocrx_word' id='word_1_213' title='bbox 1628 1235 1667 1274; x_wconf 82' lang='lat' dir='ltr'>Si</span> 
     </span>
     <span class='ocr_line' id='line_1_20' title="bbox 73 1294 1668 1347; baseline -0.003 -12"><span class='ocrx_word' id='word_1_214' title='bbox 73 1298 254 1336; x_wconf 89' lang='lat' dir='ltr'>inferioris</span> <span class='ocrx_word' id='word_1_215' title='bbox 284 1296 443 1347; x_wconf 84' lang='lat' dir='ltr'>superius</span> <span class='ocrx_word' id='word_1_216' title='bbox 477 1306 707 1335; x_wconf 83' lang='lat' dir='ltr'>momentum</span> <span class='ocrx_word' id='word_1_217' title='bbox 731 1299 839 1335; x_wconf 85' lang='lat' dir='ltr'>fuerit</span> <span class='ocrx_word' id='word_1_218' title='bbox 860 1325 870 1340; x_wconf 91' lang='lat'>‚</span> <span class='ocrx_word' id='word_1_219' title='bbox 901 1295 1041 1343; x_wconf 84' lang='lat' dir='ltr'>sanguis</span> <span class='ocrx_word' id='word_1_220' title='bbox 1068 1295 1203 1333; x_wconf 84' lang='lat' dir='ltr'>sursum</span> <span class='ocrx_word' id='word_1_221' title='bbox 1231 1295 1438 1343; x_wconf 85' lang='lat' dir='ltr'>repelletur.</span> <span class='ocrx_word' id='word_1_222' title='bbox 1475 1294 1564 1333; x_wconf 87' lang='lat' dir='ltr'>Haec</span> <span class='ocrx_word' id='word_1_223' title='bbox 1588 1305 1668 1332; x_wconf 84' lang='lat' dir='ltr'>non</span> 
     </span>
     <span class='ocr_line' id='line_1_21' title="bbox 75 1350 1666 1406; baseline -0.003 -11"><span class='ocrx_word' id='word_1_224' title='bbox 75 1369 123 1396; x_wconf 86' lang='lat' dir='ltr'>ex</span> <span class='ocrx_word' id='word_1_225' title='bbox 138 1357 276 1394; x_wconf 89' lang='lat' dir='ltr'>theoria</span> <span class='ocrx_word' id='word_1_226' title='bbox 290 1359 396 1394; x_wconf 90' lang='lat' dir='ltr'>unice</span> <span class='ocrx_word' id='word_1_227' title='bbox 419 1355 516 1406; x_wconf 82' lang='lat' dir='ltr'>quasi</span> <span class='ocrx_word' id='word_1_228' title='bbox 533 1357 732 1404; x_wconf 65' lang='lat' dir='ltr'>conjec‘iura</span> <span class='ocrx_word' id='word_1_229' title='bbox 750 1356 870 1406; x_wconf 90' lang='lat' dir='ltr'>aliqua</span> <span class='ocrx_word' id='word_1_230' title='bbox 892 1353 1106 1392; x_wconf 86' lang='lat' dir='ltr'>hauriuntur</span> <span class='ocrx_word' id='word_1_231' title='bbox 1121 1383 1131 1397; x_wconf 86' lang='lat'>,</span> <span class='ocrx_word' id='word_1_232' title='bbox 1153 1354 1212 1391; x_wconf 90' lang='lat' dir='ltr'>sed</span> <span class='ocrx_word' id='word_1_233' title='bbox 1238 1350 1498 1403; x_wconf 81' lang='lat' dir='ltr'>experimentis</span> <span class='ocrx_word' id='word_1_234' title='bbox 1514 1356 1641 1403; x_wconf 90' lang='lat' dir='ltr'>utique</span> <span class='ocrx_word' id='word_1_235' title='bbox 1656 1382 1666 1396; x_wconf 94' lang='lat'>‚</span> 
     </span>
     <span class='ocr_line' id='line_1_22' title="bbox 75 1412 1669 1468; baseline -0.002 -16"><span class='ocrx_word' id='word_1_236' title='bbox 75 1417 113 1454; x_wconf 87' lang='lat'>&amp;</span> <span class='ocrx_word' id='word_1_237' title='bbox 137 1417 301 1465; x_wconf 85' lang='lat' dir='ltr'>inprimis</span> <span class='ocrx_word' id='word_1_238' title='bbox 326 1416 455 1453; x_wconf 81' lang='lat' dir='ltr'>nostris</span> <span class='ocrx_word' id='word_1_239' title='bbox 489 1415 575 1468; x_wconf 76' lang='lat' dir='ltr'>(q)</span> <span class='ocrx_word' id='word_1_240' title='bbox 607 1416 877 1453; x_wconf 88' lang='lat' dir='ltr'>confirmantur.</span> <span class='ocrx_word' id='word_1_241' title='bbox 932 1412 1084 1450; x_wconf 84' lang='lat' dir='ltr'>Dudum</span> <span class='ocrx_word' id='word_1_242' title='bbox 1124 1416 1232 1451; x_wconf 87' lang='lat' dir='ltr'>etiam</span> <span class='ocrx_word' id='word_1_243' title='bbox 1261 1415 1393 1450; x_wconf 90' lang='lat' dir='ltr'>monui</span> <span class='ocrx_word' id='word_1_244' title='bbox 1424 1413 1511 1460; x_wconf 83' lang='lat' dir='ltr'>(r)</span> <span class='ocrx_word' id='word_1_245' title='bbox 1530 1442 1540 1456; x_wconf 87' lang='lat'>‚</span> <span class='ocrx_word' id='word_1_246' title='bbox 1569 1413 1669 1449; x_wconf 86' lang='lat' dir='ltr'>facil-</span> 
     </span>
     <span class='ocr_line' id='line_1_23' title="bbox 75 1470 1668 1524; baseline -0.003 -12"><span class='ocrx_word' id='word_1_247' title='bbox 75 1475 189 1519; x_wconf 88' lang='lat' dir='ltr'>lime,</span> <span class='ocrx_word' id='word_1_248' title='bbox 213 1482 254 1511; x_wconf 94' lang='lat' dir='ltr'>ut</span> <span class='ocrx_word' id='word_1_249' title='bbox 280 1474 362 1512; x_wconf 80' lang='lat' dir='ltr'>situs</span> <span class='ocrx_word' id='word_1_250' title='bbox 387 1475 527 1522; x_wconf 89' lang='lat' dir='ltr'>jubebit</span> <span class='ocrx_word' id='word_1_251' title='bbox 557 1476 648 1512; x_wconf 86' lang='lat' dir='ltr'>ratio</span> <span class='ocrx_word' id='word_1_252' title='bbox 674 1503 685 1519; x_wconf 87' lang='lat'>,</span> <span class='ocrx_word' id='word_1_253' title='bbox 714 1487 778 1524; x_wconf 88' lang='lat' dir='ltr'>per</span> <span class='ocrx_word' id='word_1_254' title='bbox 815 1473 958 1511; x_wconf 81' lang='lat' dir='ltr'>arterias</span> <span class='ocrx_word' id='word_1_255' title='bbox 987 1472 1234 1520; x_wconf 84' lang='lat' dir='ltr'>perforantes,</span> <span class='ocrx_word' id='word_1_256' title='bbox 1273 1471 1485 1520; x_wconf 79' lang='lat' dir='ltr'>sanguinem</span> <span class='ocrx_word' id='word_1_257' title='bbox 1515 1484 1535 1509; x_wconf 90' lang='lat' dir='ltr'>a</span> <span class='ocrx_word' id='word_1_258' title='bbox 1559 1470 1668 1508; x_wconf 88' lang='lat' dir='ltr'>dorso</span> 
     </span>
     <span class='ocr_line' id='line_1_24' title="bbox 77 1528 1668 1576; baseline -0.003 -6"><span class='ocrx_word' id='word_1_259' title='bbox 77 1546 205 1572; x_wconf 77' lang='lat' dir='ltr'>manus</span> <span class='ocrx_word' id='word_1_260' title='bbox 229 1534 266 1570; x_wconf 91' lang='lat' dir='ltr'>in</span> <span class='ocrx_word' id='word_1_261' title='bbox 299 1532 421 1571; x_wconf 86' lang='lat' dir='ltr'>volam</span> <span class='ocrx_word' id='word_1_262' title='bbox 442 1545 648 1570; x_wconf 87' lang='lat' dir='ltr'>commeare</span> <span class='ocrx_word' id='word_1_263' title='bbox 664 1563 674 1576; x_wconf 94' lang='lat'><strong>,</strong></span> <span class='ocrx_word' id='word_1_264' title='bbox 710 1541 772 1571; x_wconf 87' lang='lat' dir='ltr'>aut</span> <span class='ocrx_word' id='word_1_265' title='bbox 794 1531 943 1570; x_wconf 85' lang='lat' dir='ltr'>viciffim</span> <span class='ocrx_word' id='word_1_266' title='bbox 972 1542 1018 1567; x_wconf 82' lang='lat' dir='ltr'>ex</span> <span class='ocrx_word' id='word_1_267' title='bbox 1045 1531 1128 1568; x_wconf 89' lang='lat' dir='ltr'>vola</span> <span class='ocrx_word' id='word_1_268' title='bbox 1150 1533 1187 1568; x_wconf 89' lang='lat' dir='ltr'>in</span> <span class='ocrx_word' id='word_1_269' title='bbox 1210 1530 1356 1568; x_wconf 90' lang='lat' dir='ltr'>dorsum</span> <span class='ocrx_word' id='word_1_270' title='bbox 1373 1530 1532 1568; x_wconf 84' lang='lat' dir='ltr'>tendere.</span> <span class='ocrx_word' id='word_1_271' title='bbox 1563 1528 1668 1567; x_wconf 83' lang='lat' dir='ltr'>Mul-</span> 
     </span>
     <span class='ocr_line' id='line_1_25' title="bbox 78 1587 1668 1639; baseline -0.003 -10"><span class='ocrx_word' id='word_1_272' title='bbox 78 1600 114 1630; x_wconf 89' lang='lat' dir='ltr'>ta</span> <span class='ocrx_word' id='word_1_273' title='bbox 138 1592 222 1629; x_wconf 88' lang='lat' dir='ltr'>inde</span> <span class='ocrx_word' id='word_1_274' title='bbox 241 1593 320 1630; x_wconf 80' lang='lat' dir='ltr'>vitae</span> <span class='ocrx_word' id='word_1_275' title='bbox 345 1592 514 1630; x_wconf 83' lang='lat' dir='ltr'>humanae</span> <span class='ocrx_word' id='word_1_276' title='bbox 543 1592 740 1629; x_wconf 84' lang='lat' dir='ltr'>commoda</span> <span class='ocrx_word' id='word_1_277' title='bbox 762 1590 966 1629; x_wconf 82' lang='lat' dir='ltr'>accedunt:</span> <span class='ocrx_word' id='word_1_278' title='bbox 985 1597 1025 1627; x_wconf 88' lang='lat' dir='ltr'>ut</span> <span class='ocrx_word' id='word_1_279' title='bbox 1047 1589 1186 1637; x_wconf 81' lang='lat' dir='ltr'>sanguis</span> <span class='ocrx_word' id='word_1_280' title='bbox 1206 1618 1215 1632; x_wconf 86' lang='lat'><em>‚</em></span> <span class='ocrx_word' id='word_1_281' title='bbox 1240 1591 1306 1639; x_wconf 88' lang='lat' dir='ltr'>qui</span> <span class='ocrx_word' id='word_1_282' title='bbox 1331 1587 1480 1627; x_wconf 88' lang='lat' dir='ltr'>incitato</span> <span class='ocrx_word' id='word_1_283' title='bbox 1506 1595 1668 1625; x_wconf 86' lang='lat' dir='ltr'>torrente</span> 
     </span>
     <span class='ocr_line' id='line_1_26' title="bbox 78 1649 1671 1700; baseline -0.004 -11"><span class='ocrx_word' id='word_1_284' title='bbox 78 1653 117 1689; x_wconf 90' lang='lat' dir='ltr'>in</span> <span class='ocrx_word' id='word_1_285' title='bbox 134 1653 295 1689; x_wconf 88' lang='lat' dir='ltr'>arteriam</span> <span class='ocrx_word' id='word_1_286' title='bbox 309 1653 464 1700; x_wconf 88' lang='lat' dir='ltr'>aliquam</span> <span class='ocrx_word' id='word_1_287' title='bbox 477 1650 608 1696; x_wconf 80' lang='lat' dir='ltr'>fertur,</span> <span class='ocrx_word' id='word_1_288' title='bbox 621 1651 796 1699; x_wconf 82' lang='lat' dir='ltr'>effugium</span> <span class='ocrx_word' id='word_1_289' title='bbox 814 1651 972 1688; x_wconf 76' lang='lat' dir='ltr'>inveniat</span> <span class='ocrx_word' id='word_1_290' title='bbox 989 1676 998 1691; x_wconf 91' lang='lat'>,</span> <span class='ocrx_word' id='word_1_291' title='bbox 1014 1660 1131 1697; x_wconf 87' lang='lat' dir='ltr'>neque</span> <span class='ocrx_word' id='word_1_292' title='bbox 1147 1661 1186 1686; x_wconf 89' lang='lat' dir='ltr'>ea</span> <span class='ocrx_word' id='word_1_293' title='bbox 1201 1655 1277 1685; x_wconf 82' lang='lat' dir='ltr'>tota</span> <span class='ocrx_word' id='word_1_294' title='bbox 1297 1650 1333 1684; x_wconf 84' lang='lat' dir='ltr'>vi</span> <span class='ocrx_word' id='word_1_295' title='bbox 1347 1660 1426 1686; x_wconf 84' lang='lat' dir='ltr'>eam</span> <span class='ocrx_word' id='word_1_296' title='bbox 1447 1649 1485 1685; x_wconf 91' lang='lat' dir='ltr'>in</span> <span class='ocrx_word' id='word_1_297' title='bbox 1505 1649 1671 1684; x_wconf 83' lang='lat' dir='ltr'>arteriam</span> 
     </span>
     <span class='ocr_line' id='line_1_27' title="bbox 79 1707 1674 1759; baseline -0.004 -11"><span class='ocrx_word' id='word_1_298' title='bbox 79 1712 235 1753; x_wconf 86' lang='lat' dir='ltr'>nitatur,</span> <span class='ocrx_word' id='word_1_299' title='bbox 264 1723 371 1759; x_wconf 82' lang='lat' dir='ltr'>quam</span> <span class='ocrx_word' id='word_1_300' title='bbox 400 1723 419 1748; x_wconf 87' lang='lat' dir='ltr'>a</span> <span class='ocrx_word' id='word_1_301' title='bbox 446 1709 557 1746; x_wconf 88' lang='lat' dir='ltr'>corde</span> <span class='ocrx_word' id='word_1_302' title='bbox 593 1712 742 1758; x_wconf 86' lang='lat' dir='ltr'>accepit.</span> <span class='ocrx_word' id='word_1_303' title='bbox 791 1708 861 1745; x_wconf 85' lang='lat' dir='ltr'>Sed</span> <span class='ocrx_word' id='word_1_304' title='bbox 882 1709 988 1744; x_wconf 86' lang='lat' dir='ltr'>etiam</span> <span class='ocrx_word' id='word_1_305' title='bbox 1007 1707 1050 1743; x_wconf 80' lang='lat' dir='ltr'>ab</span> <span class='ocrx_word' id='word_1_306' title='bbox 1081 1707 1257 1744; x_wconf 64' lang='lat' dir='ltr'>obstruet-01</span> <span class='ocrx_word' id='word_1_307' title='bbox 1283 1707 1390 1749; x_wconf 84' lang='lat' dir='ltr'>sede,</span> <span class='ocrx_word' id='word_1_308' title='bbox 1415 1715 1519 1744; x_wconf 89' lang='lat' dir='ltr'>utero</span> <span class='ocrx_word' id='word_1_309' title='bbox 1540 1708 1579 1742; x_wconf 91' lang='lat' dir='ltr'>in</span> <span class='ocrx_word' id='word_1_310' title='bbox 1611 1716 1674 1743; x_wconf 81' lang='lat' dir='ltr'>ex-</span> 
     </span>
     <span class='ocr_line' id='line_1_28' title="bbox 81 1765 1676 1819; baseline -0.005 -11"><span class='ocrx_word' id='word_1_311' title='bbox 81 1770 230 1819; x_wconf 81' lang='lat' dir='ltr'>emplo,</span> <span class='ocrx_word' id='word_1_312' title='bbox 264 1770 405 1818; x_wconf 71' lang='lat' dir='ltr'>sanguis</span> <span class='ocrx_word' id='word_1_313' title='bbox 436 1769 727 1817; x_wconf 71' lang='lat' dir='ltr'>spermaticarum</span> <span class='ocrx_word' id='word_1_314' title='bbox 743 1768 950 1806; x_wconf 86' lang='lat' dir='ltr'>arteriarum</span> <span class='ocrx_word' id='word_1_315' title='bbox 978 1767 1016 1802; x_wconf 89' lang='lat' dir='ltr'>in</span> <span class='ocrx_word' id='word_1_316' title='bbox 1049 1765 1318 1815; x_wconf 82' lang='lat' dir='ltr'>hypogastricas</span> <span class='ocrx_word' id='word_1_317' title='bbox 1343 1767 1539 1808; x_wconf 81' lang='lat' dir='ltr'>avertitur,</span> <span class='ocrx_word' id='word_1_318' title='bbox 1562 1777 1609 1802; x_wconf 89' lang='lat' dir='ltr'>ne</span> <span class='ocrx_word' id='word_1_319' title='bbox 1636 1765 1676 1800; x_wconf 91' lang='lat' dir='ltr'>in</span> 
     </span>
    </p>
   </div>
   <div class='ocr_carea' id='block_1_3' title="bbox 166 1829 1686 1921">
    <p class='ocr_par' dir='ltr' id='par_1_4' title="bbox 166 1829 1686 1921">
     <span class='ocr_line' id='line_1_29' title="bbox 1526 1829 1686 1861; baseline -0.013 0"><span class='ocrx_word' id='word_1_320' title='bbox 1526 1829 1632 1861; x_wconf 84' lang='lat' dir='ltr'>uteru</span> <span class='ocrx_word' id='word_1_321' title='bbox 1646 1832 1686 1859; x_wconf 89' lang='lat' dir='ltr'>m</span> 
     </span>
     <span class='ocr_line' id='line_1_30' title="bbox 166 1877 1673 1921; baseline -0.005 -8"><span class='ocrx_word' id='word_1_322' title='bbox 166 1883 228 1918; x_wconf 84' lang='lat' dir='ltr'>(i)</span> <span class='ocrx_word' id='word_1_323' title='bbox 252 1880 334 1912; x_wconf 65' lang='lat' dir='ltr'>Vissle</span> <span class='ocrx_word' id='word_1_324' title='bbox 357 1880 482 1921; x_wconf 48' lang='lat' dir='ltr'>jfzfi-&#39;czm</span> <span class='ocrx_word' id='word_1_325' title='bbox 503 1885 573 1913; x_wconf 76' lang='lat' dir='ltr'>icon.</span> <span class='ocrx_word' id='word_1_326' title='bbox 600 1889 675 1913; x_wconf 59' lang='lat' dir='ltr'>anat</span> <span class='ocrx_word' id='word_1_327' title='bbox 703 1879 758 1912; x_wconf 91' lang='lat' dir='ltr'>VI.</span> <span class='ocrx_word' id='word_1_328' title='bbox 785 1893 817 1920; x_wconf 70' lang='lat' dir='ltr'>p.</span> <span class='ocrx_word' id='word_1_329' title='bbox 837 1893 882 1911; x_wconf 82' lang='lat'>22.</span> <span class='ocrx_word' id='word_1_330' title='bbox 907 1890 954 1915; x_wconf 83' lang='lat'>23.</span> <span class='ocrx_word' id='word_1_331' title='bbox 977 1879 1052 1910; x_wconf 64' lang='lat'>8031</span> <span class='ocrx_word' id='word_1_332' title='bbox 1068 1889 1163 1909; x_wconf 70' lang='lat' dir='ltr'>wtn</span> <span class='ocrx_word' id='word_1_333' title='bbox 1177 1888 1228 1908; x_wconf 70' lang='grc' dir='ltr'>ΚΕ</span> <span class='ocrx_word' id='word_1_334' title='bbox 1257 1889 1285 1916; x_wconf 87' lang='lat' dir='ltr'>p.</span> <span class='ocrx_word' id='word_1_335' title='bbox 1313 1883 1358 1908; x_wconf 81' lang='lat'>18.</span> <span class='ocrx_word' id='word_1_336' title='bbox 1379 1886 1424 1910; x_wconf 80' lang='lat'>19.</span> <span class='ocrx_word' id='word_1_337' title='bbox 1456 1877 1514 1908; x_wconf 70' lang='lat' dir='ltr'>HE</span> <span class='ocrx_word' id='word_1_338' title='bbox 1528 1888 1538 1906; x_wconf 88' lang='lat'>1</span> <span class='ocrx_word' id='word_1_339' title='bbox 1552 1889 1562 1906; x_wconf 83' lang='lat' dir='ltr'>s</span> <span class='ocrx_word' id='word_1_340' title='bbox 1580 1888 1602 1907; x_wconf 84' lang='lat' dir='ltr'>T</span> <span class='ocrx_word' id='word_1_341' title='bbox 1621 1889 1635 1906; x_wconf 72' lang='grc' dir='ltr'>ε</span> <span class='ocrx_word' id='word_1_342' title='bbox 1652 1888 1673 1908; x_wconf 70' lang='grc' dir='ltr'>ιζ</span> 
     </span>
    </p>
   </div>
   <div class='ocr_carea' id='block_1_4' title="bbox 83 1915 1676 2002">
    <p class='ocr_par' dir='ltr' id='par_1_5' title="bbox 83 1915 1676 2002">
     <span class='ocr_line' id='line_1_31' title="bbox 83 1915 1676 1961; baseline -0.004 -7"><span class='ocrx_word' id='word_1_343' title='bbox 83 1925 117 1954; x_wconf 77' lang='lat' dir='ltr'>de</span> <span class='ocrx_word' id='word_1_344' title='bbox 137 1932 222 1953; x_wconf 59' lang='grc' dir='ltr'><em>τινων.</em></span> <span class='ocrx_word' id='word_1_345' title='bbox 246 1923 351 1952; x_wconf 62' lang='grc' dir='ltr'><em>ανηάί.</em></span> <span class='ocrx_word' id='word_1_346' title='bbox 377 1925 456 1953; x_wconf 66' lang='lat' dir='ltr'>buln.</span> <span class='ocrx_word' id='word_1_347' title='bbox 470 1932 567 1954; x_wconf 60' lang='lat' dir='ltr'>curato</span> <span class='ocrx_word' id='word_1_348' title='bbox 588 1934 688 1960; x_wconf 64' lang='lat' dir='ltr'>n.‚40.</span> <span class='ocrx_word' id='word_1_349' title='bbox 712 1924 807 1961; x_wconf 65' lang='grc' dir='ltr'>(ἰοί-ες.</span> <span class='ocrx_word' id='word_1_350' title='bbox 828 1925 963 1954; x_wconf 65' lang='lat' dir='ltr'>Hanover</span> <span class='ocrx_word' id='word_1_351' title='bbox 985 1920 1027 1952; x_wconf 89' lang='lat' dir='ltr'>T.</span> <span class='ocrx_word' id='word_1_352' title='bbox 1050 1921 1100 1959; x_wconf 63' lang='lat'>11„</span> <span class='ocrx_word' id='word_1_353' title='bbox 1116 1927 1150 1959; x_wconf 79' lang='lat' dir='ltr'>‘p.</span> <span class='ocrx_word' id='word_1_354' title='bbox 1173 1925 1242 1954; x_wconf 83' lang='lat'>800.</span> <span class='ocrx_word' id='word_1_355' title='bbox 1257 1918 1350 1950; x_wconf 82' lang='lat' dir='ltr'>Conf.</span> <span class='ocrx_word' id='word_1_356' title='bbox 1375 1915 1466 1958; x_wconf 60' lang='lat' dir='ltr'>Effiffs</span> <span class='ocrx_word' id='word_1_357' title='bbox 1484 1921 1510 1956; x_wconf 73' lang='grc' dir='ltr'>ο]</span> <span class='ocrx_word' id='word_1_358' title='bbox 1542 1930 1560 1949; x_wconf 76' lang='grc' dir='ltr'>ιι</span> <span class='ocrx_word' id='word_1_359' title='bbox 1582 1920 1676 1950; x_wconf 72' lang='lat' dir='ltr'>Societ.</span> 
     </span>
     <span class='ocr_line' id='line_1_32' title="bbox 84 1962 514 2002; baseline 0.002 -8"><span class='ocrx_word' id='word_1_360' title='bbox 84 1972 115 1994; x_wconf 67' lang='lat' dir='ltr'>at</span> <span class='ocrx_word' id='word_1_361' title='bbox 137 1966 248 1996; x_wconf 74' lang='lat' dir='ltr'>Edimb.</span> <span class='ocrx_word' id='word_1_362' title='bbox 271 1963 311 1994; x_wconf 70' lang='lat' dir='ltr'>T.</span> <span class='ocrx_word' id='word_1_363' title='bbox 333 1962 371 1993; x_wconf 82' lang='grc' dir='ltr'>Π.</span> <span class='ocrx_word' id='word_1_364' title='bbox 393 1974 423 2002; x_wconf 85' lang='lat' dir='ltr'>p.</span> <span class='ocrx_word' id='word_1_365' title='bbox 447 1971 514 2000; x_wconf 70' lang='lat'>28⁴-</span> 
     </span>
    </p>
   </div>
   <div class='ocr_carea' id='block_1_5' title="bbox 90 2003 1688 2370">
    <p class='ocr_par' dir='ltr' id='par_1_6' title="bbox 167 2003 567 2044">
     <span class='ocr_line' id='line_1_33' title="bbox 167 2003 567 2044; baseline -0.003 -10"><span class='ocrx_word' id='word_1_366' title='bbox 167 2007 231 2040; x_wconf 71' lang='lat' dir='ltr'>(lc)</span> <span class='ocrx_word' id='word_1_367' title='bbox 254 2004 367 2035; x_wconf 75' lang='lat' dir='ltr'>Fascic.</span> <span class='ocrx_word' id='word_1_368' title='bbox 386 2003 443 2036; x_wconf 84' lang='lat' dir='ltr'>VI.</span> <span class='ocrx_word' id='word_1_369' title='bbox 466 2016 496 2044; x_wconf 82' lang='lat' dir='ltr'>p,</span> <span class='ocrx_word' id='word_1_370' title='bbox 522 2016 567 2040; x_wconf 83' lang='lat'>19.</span> 
     </span>
    </p>

    <p class='ocr_par' dir='ltr' id='par_1_7' title="bbox 167 2045 456 2085">
     <span class='ocr_line' id='line_1_34' title="bbox 167 2045 456 2085; baseline 0.007 -10"><span class='ocrx_word' id='word_1_371' title='bbox 167 2045 330 2082; x_wconf 70' lang='lat' dir='ltr'>(l)1bid.</span> <span class='ocrx_word' id='word_1_372' title='bbox 353 2057 381 2085; x_wconf 83' lang='lat' dir='ltr'>p.</span> <span class='ocrx_word' id='word_1_373' title='bbox 408 2057 456 2077; x_wconf 79' lang='lat'>21.</span> 
     </span>
    </p>

    <p class='ocr_par' dir='ltr' id='par_1_8' title="bbox 170 2086 582 2125">
     <span class='ocr_line' id='line_1_35' title="bbox 170 2086 582 2125; baseline 0.012 -10"><span class='ocrx_word' id='word_1_374' title='bbox 170 2087 248 2122; x_wconf 84' lang='lat' dir='ltr'>(m)</span> <span class='ocrx_word' id='word_1_375' title='bbox 270 2086 343 2116; x_wconf 70' lang='lat' dir='ltr'>ibid.</span> <span class='ocrx_word' id='word_1_376' title='bbox 364 2098 392 2125; x_wconf 79' lang='lat' dir='ltr'>p.</span> <span class='ocrx_word' id='word_1_377' title='bbox 420 2094 464 2118; x_wconf 84' lang='lat'>28.</span> <span class='ocrx_word' id='word_1_378' title='bbox 483 2090 511 2118; x_wconf 62' lang='grc' dir='ltr'>ἃ·</span> <span class='ocrx_word' id='word_1_379' title='bbox 534 2097 582 2120; x_wconf 72' lang='grc' dir='ltr'>4ῑ.</span> 
     </span>
    </p>

    <p class='ocr_par' dir='ltr' id='par_1_9' title="bbox 170 2126 794 2168">
     <span class='ocr_line' id='line_1_36' title="bbox 170 2126 794 2168; baseline 0 -12"><span class='ocrx_word' id='word_1_380' title='bbox 170 2129 239 2161; x_wconf 71' lang='grc' dir='ltr'>(τι)</span> <span class='ocrx_word' id='word_1_381' title='bbox 265 2128 392 2165; x_wconf 60' lang='lat' dir='ltr'>Chirurg.</span> <span class='ocrx_word' id='word_1_382' title='bbox 417 2127 592 2168; x_wconf 67' lang='lat' dir='ltr'>mmerszrtzg.</span> <span class='ocrx_word' id='word_1_383' title='bbox 617 2126 658 2160; x_wconf 88' lang='lat' dir='ltr'>T.</span> <span class='ocrx_word' id='word_1_384' title='bbox 676 2126 714 2157; x_wconf 84' lang='grc' dir='ltr'>ῙῘ.</span> <span class='ocrx_word' id='word_1_385' title='bbox 729 2126 748 2156; x_wconf 89' lang='lat' dir='ltr'>l.</span> <span class='ocrx_word' id='word_1_386' title='bbox 768 2137 794 2156; x_wconf 86' lang='lat' dir='ltr'>C.</span> 
     </span>
    </p>

    <p class='ocr_par' dir='ltr' id='par_1_10' title="bbox 91 2161 1678 2248">
     <span class='ocr_line' id='line_1_37' title="bbox 170 2161 1678 2205; baseline -0.002 -7"><span class='ocrx_word' id='word_1_387' title='bbox 170 2169 186 2204; x_wconf 89' lang='lat'>(</span> <span class='ocrx_word' id='word_1_388' title='bbox 200 2170 240 2205; x_wconf 85' lang='grc' dir='ltr'>ο)</span> <span class='ocrx_word' id='word_1_389' title='bbox 257 2168 343 2200; x_wconf 85' lang='lat' dir='ltr'>Tum</span> <span class='ocrx_word' id='word_1_390' title='bbox 364 2169 411 2201; x_wconf 79' lang='lat' dir='ltr'>CI.</span> <span class='ocrx_word' id='word_1_391' title='bbox 423 2169 483 2200; x_wconf 78' lang='lat' dir='ltr'>viri</span> <span class='ocrx_word' id='word_1_392' title='bbox 497 2173 561 2200; x_wconf 68' lang='grc' dir='ltr'><em>καί).</em></span> <span class='ocrx_word' id='word_1_393' title='bbox 585 2170 608 2200; x_wconf 69' lang='lat' dir='ltr'>e]</span> <span class='ocrx_word' id='word_1_394' title='bbox 624 2181 651 2199; x_wconf 74' lang='lat' dir='ltr'>m</span> <span class='ocrx_word' id='word_1_395' title='bbox 668 2180 681 2199; x_wconf 69' lang='lat' dir='ltr'>e</span> <span class='ocrx_word' id='word_1_396' title='bbox 696 2178 719 2199; x_wconf 75' lang='lat'>&#39;1&#39;</span> <span class='ocrx_word' id='word_1_397' title='bbox 734 2177 758 2198; x_wconf 65' lang='lat' dir='ltr'>*r</span> <span class='ocrx_word' id='word_1_398' title='bbox 772 2167 805 2198; x_wconf 87' lang='lat' dir='ltr'>in</span> <span class='ocrx_word' id='word_1_399' title='bbox 815 2169 1016 2198; x_wconf 70' lang='lat' dir='ltr'>rentaminibus</span> <span class='ocrx_word' id='word_1_400' title='bbox 1026 2189 1034 2205; x_wconf 94' lang='lat'>‚</span> <span class='ocrx_word' id='word_1_401' title='bbox 1049 2172 1115 2198; x_wconf 84' lang='lat' dir='ltr'>tum</span> <span class='ocrx_word' id='word_1_402' title='bbox 1131 2164 1197 2203; x_wconf 70' lang='lat' dir='ltr'>ejus</span> <span class='ocrx_word' id='word_1_403' title='bbox 1209 2165 1349 2196; x_wconf 77' lang='lat' dir='ltr'>laborum</span> <span class='ocrx_word' id='word_1_404' title='bbox 1361 2162 1461 2195; x_wconf 75' lang='lat' dir='ltr'>socius</span> <span class='ocrx_word' id='word_1_405' title='bbox 1484 2161 1532 2196; x_wconf 89' lang='lat' dir='ltr'>Cl.</span> <span class='ocrx_word' id='word_1_406' title='bbox 1552 2162 1574 2195; x_wconf 75' lang='lat' dir='ltr'><strong>P</strong></span> <span class='ocrx_word' id='word_1_407' title='bbox 1584 2173 1605 2195; x_wconf 65' lang='grc' dir='ltr'>Α.</span> <span class='ocrx_word' id='word_1_408' title='bbox 1616 2174 1637 2195; x_wconf 72' lang='grc' dir='ltr'>ι.</span> <span class='ocrx_word' id='word_1_409' title='bbox 1651 2175 1678 2195; x_wconf 55' lang='lat' dir='ltr'>r‘²</span> 
     </span>
     <span class='ocr_line' id='line_1_38' title="bbox 91 2210 663 2248; baseline 0.007 -11"><span class='ocrx_word' id='word_1_410' title='bbox 91 2219 103 2237; x_wconf 80' lang='grc' dir='ltr'>ς</span> <span class='ocrx_word' id='word_1_411' title='bbox 117 2218 136 2238; x_wconf 89' lang='lat' dir='ltr'>o</span> <span class='ocrx_word' id='word_1_412' title='bbox 152 2217 176 2238; x_wconf 73' lang='grc' dir='ltr'>’.ι’</span> <span class='ocrx_word' id='word_1_413' title='bbox 199 2212 301 2245; x_wconf 75' lang='lat' dir='ltr'>,lom-n.</span> <span class='ocrx_word' id='word_1_414' title='bbox 328 2219 410 2239; x_wconf 77' lang='lat' dir='ltr'>(econ.</span> <span class='ocrx_word' id='word_1_415' title='bbox 443 2217 528 2248; x_wconf 75' lang='lat'><em>1755.</em></span> <span class='ocrx_word' id='word_1_416' title='bbox 550 2210 663 2244; x_wconf 76' lang='lat' dir='ltr'>ianuar.</span> 
     </span>
    </p>

    <p class='ocr_par' dir='ltr' id='par_1_11' title="bbox 171 2248 644 2290">
     <span class='ocr_line' id='line_1_39' title="bbox 171 2248 644 2290; baseline 0.006 -12"><span class='ocrx_word' id='word_1_417' title='bbox 171 2250 242 2287; x_wconf 84' lang='lat' dir='ltr'>(p)</span> <span class='ocrx_word' id='word_1_418' title='bbox 267 2248 524 2282; x_wconf 64' lang='lat' dir='ltr'>Scawurcxss</span> <span class='ocrx_word' id='word_1_419' title='bbox 546 2263 574 2290; x_wconf 85' lang='lat' dir='ltr'>p.</span> <span class='ocrx_word' id='word_1_420' title='bbox 599 2263 644 2281; x_wconf 77' lang='lat' dir='ltr'>zo,</span> 
     </span>
    </p>

    <p class='ocr_par' dir='ltr' id='par_1_12' title="bbox 90 2285 1688 2370">
     <span class='ocr_line' id='line_1_40' title="bbox 180 2285 1688 2329; baseline -0.007 -5"><span class='ocrx_word' id='word_1_421' title='bbox 180 2293 248 2329; x_wconf 87' lang='lat' dir='ltr'>(q)</span> <span class='ocrx_word' id='word_1_422' title='bbox 268 2291 343 2328; x_wconf 52' lang='lat' dir='ltr'>Eap.</span> <span class='ocrx_word' id='word_1_423' title='bbox 368 2296 411 2320; x_wconf 56' lang='grc' dir='ltr'>ἧς.</span> <span class='ocrx_word' id='word_1_424' title='bbox 438 2302 503 2327; x_wconf 80' lang='lat'>154-</span> <span class='ocrx_word' id='word_1_425' title='bbox 533 2304 600 2328; x_wconf 78' lang='lat'>173-</span> <span class='ocrx_word' id='word_1_426' title='bbox 632 2291 695 2323; x_wconf 75' lang='lat' dir='ltr'>Etsi</span> <span class='ocrx_word' id='word_1_427' title='bbox 719 2290 802 2322; x_wconf 75' lang='lat' dir='ltr'>enixu</span> <span class='ocrx_word' id='word_1_428' title='bbox 824 2300 886 2321; x_wconf 85' lang='lat' dir='ltr'>non</span> <span class='ocrx_word' id='word_1_429' title='bbox 909 2289 941 2319; x_wconf 75' lang='lat' dir='ltr'>in</span> <span class='ocrx_word' id='word_1_430' title='bbox 967 2289 1147 2320; x_wconf 71' lang='lat' dir='ltr'>anastomosi</span> <span class='ocrx_word' id='word_1_431' title='bbox 1167 2287 1286 2329; x_wconf 66' lang='lat' dir='ltr'>sangu‘s</span> <span class='ocrx_word' id='word_1_432' title='bbox 1313 2285 1499 2318; x_wconf 67' lang='lat' dir='ltr'>contrarium</span> <span class='ocrx_word' id='word_1_433' title='bbox 1526 2287 1584 2317; x_wconf 82' lang='lat' dir='ltr'>iter</span> <span class='ocrx_word' id='word_1_434' title='bbox 1605 2285 1688 2315; x_wconf 81' lang='lat' dir='ltr'>secu-</span> 
     </span>
     <span class='ocr_line' id='line_1_41' title="bbox 90 2328 1687 2370; baseline -0.001 -11"><span class='ocrx_word' id='word_1_435' title='bbox 90 2335 138 2359; x_wconf 80' lang='lat' dir='ltr'>tus</span> <span class='ocrx_word' id='word_1_436' title='bbox 159 2331 200 2360; x_wconf 85' lang='lat' dir='ltr'>est</span> <span class='ocrx_word' id='word_1_437' title='bbox 213 2352 222 2366; x_wconf 94' lang='lat'>‚</span> <span class='ocrx_word' id='word_1_438' title='bbox 245 2331 353 2360; x_wconf 72' lang='lat' dir='ltr'>sufficit</span> <span class='ocrx_word' id='word_1_439' title='bbox 374 2330 403 2360; x_wconf 83' lang='lat' dir='ltr'>in</span> <span class='ocrx_word' id='word_1_440' title='bbox 425 2334 535 2362; x_wconf 68' lang='lat' dir='ltr'>eodem</span> <span class='ocrx_word' id='word_1_441' title='bbox 554 2334 655 2363; x_wconf 74' lang='lat' dir='ltr'>emale</span> <span class='ocrx_word' id='word_1_442' title='bbox 677 2335 854 2363; x_wconf 70' lang='lat' dir='ltr'>columnam</span> <span class='ocrx_word' id='word_1_443' title='bbox 876 2331 1060 2361; x_wconf 76' lang='lat' dir='ltr'>validiorem</span> <span class='ocrx_word' id='word_1_444' title='bbox 1083 2342 1150 2361; x_wconf 72' lang='lat' dir='ltr'>eam</span> <span class='ocrx_word' id='word_1_445' title='bbox 1164 2331 1248 2370; x_wconf 60' lang='lat' dir='ltr'>stipe:</span> <span class='ocrx_word' id='word_1_446' title='bbox 1261 2328 1307 2359; x_wconf 53' lang='lat' dir='ltr'>nse</span> <span class='ocrx_word' id='word_1_447' title='bbox 1323 2351 1330 2364; x_wconf 79' lang='lat'>‚</span> <span class='ocrx_word' id='word_1_448' title='bbox 1349 2339 1415 2368; x_wconf 59' lang='lat' dir='ltr'>quae</span> <span class='ocrx_word' id='word_1_449' title='bbox 1433 2328 1573 2359; x_wconf 81' lang='lat' dir='ltr'>debiliori</span> <span class='ocrx_word' id='word_1_450' title='bbox 1598 2333 1687 2359; x_wconf 76' lang='lat' dir='ltr'>motu</span> 
     </span>
    </p>
   </div>
   <div class='ocr_carea' id='block_1_6' title="bbox 92 2371 1266 2455">
    <p class='ocr_par' dir='ltr' id='par_1_13' title="bbox 92 2371 1266 2455">
     <span class='ocr_line' id='line_1_42' title="bbox 92 2371 1266 2415; baseline 0.001 -14"><span class='ocrx_word' id='word_1_451' title='bbox 92 2371 257 2402; x_wconf 69' lang='lat' dir='ltr'>ferebatur.</span> <span class='ocrx_word' id='word_1_452' title='bbox 291 2372 328 2401; x_wconf 88' lang='lat' dir='ltr'>In</span> <span class='ocrx_word' id='word_1_453' title='bbox 353 2372 531 2403; x_wconf 72' lang='lat' dir='ltr'>anastomoli</span> <span class='ocrx_word' id='word_1_454' title='bbox 563 2376 675 2405; x_wconf 53' lang='lat' dir='ltr'>venosa</span> <span class='ocrx_word' id='word_1_455' title='bbox 697 2375 756 2404; x_wconf 86' lang='lat' dir='ltr'>hoc</span> <span class='ocrx_word' id='word_1_456' title='bbox 781 2375 1011 2415; x_wconf 69' lang='lat' dir='ltr'>phaeuoiueimu</span> <span class='ocrx_word' id='word_1_457' title='bbox 1030 2371 1096 2404; x_wconf 72' lang='lat' dir='ltr'>vidi</span> <span class='ocrx_word' id='word_1_458' title='bbox 1116 2379 1175 2410; x_wconf 75' lang='lat' dir='ltr'>exp.</span> <span class='ocrx_word' id='word_1_459' title='bbox 1199 2380 1266 2410; x_wconf 73' lang='lat'>132.</span> 
     </span>
     <span class='ocr_line' id='line_1_43' title="bbox 175 2414 602 2455; baseline 0.012 -14"><span class='ocrx_word' id='word_1_460' title='bbox 175 2416 217 2450; x_wconf 84' lang='lat' dir='ltr'>(r</span> <span class='ocrx_word' id='word_1_461' title='bbox 231 2416 246 2450; x_wconf 89' lang='lat'>)</span> <span class='ocrx_word' id='word_1_462' title='bbox 265 2414 386 2444; x_wconf 81' lang='lat' dir='ltr'>Premier</span> <span class='ocrx_word' id='word_1_463' title='bbox 401 2416 492 2447; x_wconf 86' lang='lat' dir='ltr'>Mem.</span> <span class='ocrx_word' id='word_1_464' title='bbox 504 2425 535 2455; x_wconf 81' lang='lat' dir='ltr'>p.</span> <span class='ocrx_word' id='word_1_465' title='bbox 555 2419 602 2454; x_wconf 80' lang='lat'>58.</span> 
     </span>
    </p>
   </div>
  </div>
 </body>
</html>
