1968 2706
506 147 700 189 MOTI
759 145 1118 187 EFFECTUS.
1561 156 1642 197 287

46 252 160 300 frigus
177 256 310 298 regnat.
359 244 534 285 Pulsusin
561 256 671 283 manu
691 244 821 282 sinistra
851 243 971 281 nullus
988 272 997 286 ‚
1023 243 1110 280 hinc
1134 242 1248 289 frigus
1274 248 1494 291 perpetuum
1527 243 1647 293 (z*).

48 310 248 360 Respiratio
278 306 408 356 frigida
425 318 446 350 ς
466 305 582 344 sensus
617 304 762 352 frigoris
791 303 888 353 quasi
916 303 1047 350 glaciei
1083 313 1167 339 cum
1208 301 1309 350 pulsu
1338 302 1442 339 nullo
1475 303 1526 351 (z
1544 297 1647 355 **).

48 369 151 419 Saepe
175 370 213 406 in
245 380 304 405 me
330 366 434 416 ipso,
459 378 546 404 cum
572 365 766 407 febrirem,
793 364 899 400 nimis
922 369 1087 400 accurate
1119 362 1290 412 percepi,
1319 368 1357 398 ut
1382 363 1481 410 ignei
1509 369 1650 401 torren-

48 430 92 467 tis
120 428 237 466 modo
275 427 413 475 sanguis
442 437 507 477 per
533 424 766 462 brachiorum
793 424 936 460 arterias
961 421 1005 459 ad
1029 432 1154 458 manus
1185 432 1280 458 meas
1313 420 1376 457 sub
1401 422 1546 460 initium
1569 434 1649 460 exa-

44 488 265 528 cerbationis
291 485 587 535 progrederetur.
638 482 719 520 Post
744 482 891 531 jaduras
917 482 1096 529 sanguinis
1128 491 1297 526 magnaS,
1323 491 1404 517 cum
1434 481 1574 530 sanguis
1594 494 1646 519 re-

45 553 189 597 paratus
212 545 319 589 esset,
340 556 439 592 aeger
467 542 564 593 quasi
594 541 742 580 ustionis
764 541 904 579 sensum
922 542 1086 590 percepit
1113 536 1172 591 (a
1188 539 1218 586 ).
1267 539 1359 577 Cum
1385 540 1487 577 antio
1516 542 1650 580 iubere

45 606 170 649 calor,
194 617 280 642 cum
301 603 441 654 pallore
459 603 573 652 frigus
609 609 790 652 perpetuo
808 602 882 638 fere
898 601 1037 638 foedere
1057 599 1308 647 conjungitur.
1343 597 1384 635 Et
1399 602 1563 649 corporis
1579 601 1650 638 hu-

47 665 143 703 mani
170 671 288 716 partes
312 665 486 711 majorem
511 663 669 700 calorem
693 661 901 710 poffident,
934 671 1165 710 quaecunque
1182 658 1262 707 plus
1290 658 1425 695 habent
1444 658 1647 707 sanguinis,

46 736 172 773 eaeque
190 722 345 772 frigent,
368 733 450 772 quae
473 722 724 771 pauciffimum
747 720 855 758 naftae
885 721 974 757 sunt.
1031 719 1174 758 Oculus
1201 730 1285 755 cum
1320 718 1465 754 testibus
1485 746 1493 760 ‚
1524 731 1648 762 carnes

48 795 134 821 cum
160 784 318 832 partibus
341 782 429 819 albis
449 791 664 833 comparatae
687 781 768 817 sunt
794 792 861 829 pro
884 779 1071 828 exemplo.
1123 777 1303 814 Ultimum
1323 778 1359 814 in
1378 776 1555 817 cadavere
1567 778 1649 816 dor·

44 843 123 881 sum
145 848 270 894 tepet,
296 854 344 881 eo
366 843 463 879 enim
486 841 653 889 sanguis,
679 840 743 877 suo
772 852 789 877 a
817 840 980 888 pondere
999 867 1008 882 ,
1040 838 1262 886 congeritur.

131 901 301 950 Sequitur
331 908 371 939 ut
405 899 656 950 inquiramus,
688 899 786 936 unde
811 899 971 936 cilorem
999 897 1104 935 suum
1138 896 1279 945 sanguis
1313 897 1503 945 concipiat.
1564 895 1649 933 Bre-

47 962 138 999 viter
166 967 302 999 veteres
328 957 504 1000 innatum
544 955 716 998 calorem
748 960 999 1006 quuscunque
1029 957 1178 994 demum
1212 958 1239 992 is
1275 962 1411 992 naturae
1450 954 1534 993 esset
1565 981 1578 999 ,
1612 957 1650 992 in

45 1019 162 1071 ipsum
181 1032 245 1057 cor
264 1020 462 1071 posuerunt
480 1047 490 1064 ,
505 1031 550 1056 ex
567 1022 668 1068 cujiis
683 1018 840 1056 efficacia
854 1018 992 1065 sanguis
1005 1015 1248 1053 incalesceret.
1284 1013 1381 1052 Inter
1400 1014 1529 1063 scripta
1545 1012 1579 1050 H
1591 1026 1650 1050 11³-

48 1090 335 1117 PocrzATicA
362 1078 477 1116 libelli
504 1080 581 1116 sunt
603 1073 683 1129 (b)
701 1107 710 1120 ,
741 1079 804 1127 qui
831 1077 924 1113 hanc
947 1073 1164 1124 hypothesin
1195 1075 1397 1113 continent.
1447 1069 1518 1111 Sed
1540 1069 1650 1110 etiarn

43 1139 281 1177 Aanrffius
316 1139 401 1188 (c)
435 1151 498 1177 cor
528 1141 667 1175 arteriae
692 1137 853 1174 calorem
884 1135 1023 1173 tradere
1053 1133 1212 1183 scripsit,
1244 1146 1363 1182 neque
1394 1132 1429 1170 G
1448 1143 1577 1170 ALRN
1594 1144 1615 1168 u
1632 1141 1650 1169 s

43 1197 229 1242 dissentit,
256 1206 316 1235 aut
347 1199 391 1236 de
422 1197 541 1236 schola
585 1197 726 1235 medica
759 1196 959 1246 quisquam.
1014 1193 1056 1231 ld
1087 1200 1198 1232 tenue
1225 1194 1352 1242 utique
1383 1188 1578 1230 discrimen
1613 1192 1652 1228 in

46 1257 115 1294 hac
136 1258 315 1306 opinione
346 1258 517 1310 superfuit
544 1285 553 1300 ,
574 1264 618 1295 ut
640 1257 759 1294 Aius
776 1269 799 1293 T
815 1264 973 1293 oTELE
988 1267 1003 1291 s
1035 1248 1128 1301 (d)
1162 1252 1331 1290 dextrum
1362 1251 1484 1289 cordis
1517 1251 1652 1289 ventri-

47 1315 172 1354 culum
199 1316 411 1354 calidiorem
433 1318 565 1355 faceret
583 1343 594 1365 ‚
622 1317 744 1354 auctor
772 1327 859 1353 vero
874 1314 987 1351 libelli
1015 1310 1064 1352 de
1080 1307 1196 1350 corde
1212 1342 1220 1353 ‚
1240 1313 1276 1349 &
1298 1312 1427 1349 GALE
1442 1323 1468 1347 N
1486 1323 1512 1348 u
1527 1322 1542 1347 s
1563 1310 1622 1358 (e)
1639 1335 1651 1353 ‚

47 1387 127 1413 eam
154 1375 300 1413 laudern
331 1376 468 1414 sinistro
503 1376 707 1414 ventriculo
727 1377 950 1417 tribuerent,
986 1375 1088 1421 cujus
1119 1384 1242 1409 carnes
1273 1371 1372 1408 hunc
1394 1372 1560 1408 innatum
1593 1381 1650 1407 ca—

46 1435 166 1472 lorem
182 1436 341 1483 praestare
359 1437 393 1474 &
414 1437 487 1485 ipse
518 1436 549 1475 C
564 1447 616 1473 LA
630 1448 651 1473 υ
666 1449 715 1473 D1
732 1449 754 1473 U
769 1446 785 1473 s
812 1428 902 1486 (f)
925 1460 936 1478 ‚
963 1435 997 1470 δι
1018 1434 1077 1470 alii
1102 1432 1166 1485 (g)
1184 1432 1397 1479 nuperiores
1419 1430 1647 1466 addiderunt.

46 1494 149 1532 Adeo
177 1505 263 1531 vero
289 1496 327 1531 in
355 1497 437 1539 vivo
463 1497 614 1533 animale
643 1496 758 1533 calere
775 1524 783 1537 ,
810 1503 851 1532 ut
875 1494 974 1532 aestus
995 1505 1090 1540 aegre
1112 1504 1130 1528 a
1158 1502 1267 1527 manu
1294 1489 1377 1527 ferri
1396 1488 1527 1537 poffit,
1554 1487 1586 1525 C
1603 1499 1651 1525 0-

47 1563 245 1590 LUMBUS
278 1549 365 1601 (h)
389 1555 510 1592 auctor
537 1555 660 1592 exstat.
708 1554 818 1590 Unde
844 1554 996 1590 demum
1032 1553 1059 1588 is
1085 1554 1124 1587 in
1153 1549 1263 1587 corde
1291 1548 1390 1586 calor
1421 1546 1648 1589 nasceretur,

46 1620 184 1650 veteres
213 1613 319 1649 unice
351 1611 496 1656 securi,
527 1625 689 1662 quaerere
714 1612 995 1663 supersederunt.

135 1668 308 1709 Celeriter
333 1684 469 1709 errores
497 1672 741 1715 invalescunt,
776 1672 875 1711 lente
903 1669 1098 1718 imperium
1129 1669 1320 1718 deponunt
1346 1689 1358 1710 ‚
1393 1665 1501 1702 etiarn
1527 1664 1652 1702 hacte-

46 1741 113 1767 nus
134 1731 348 1768 morborum
380 1731 674 1781 epidemicorum
707 1730 849 1768 similes.
884 1729 999 1767 Priori
1028 1728 1172 1771 seculo,
1202 1737 1276 1775 quo
1306 1723 1505 1773 plurimum
1530 1725 1568 1760 in
1597 1724 1653 1761 vi-

47 1790 99 1825 vis
119 1790 330 1827 animalibus
360 1791 562 1829 incidendis
589 1790 794 1829 laboratum
824 1790 893 1832 est,
929 1787 1028 1826 haesit
1054 1795 1175 1826 tamen
1196 1811 1209 1830 .,
1236 1787 1272 1821 in
1302 1790 1399 1821 tanta
1433 1783 1651 1832 opportuni-

46 1854 119 1885 tate
154 1849 301 1886 videndi
321 1851 419 1894 veri,
442 1852 623 1888 mentibus
653 1848 768 1887 fatalis
793 1848 947 1888 arundo.
1010 1847 1052 1884 In
1089 1848 1189 1898 septo
1217 1843 1338 1881 cordis
1364 1842 1523 1880 calorem
1551 1839 1652 1878 habi-

47 1914 120 1944 tare
147 1906 487 1948 CONRlNGHJS
517 1907 592 1959 (i)
618 1910 740 1948 auctor
781 1909 850 1947 fuit
882 1936 892 1951 ,
939 1905 1175 1956 luculamque
1214 1903 1360 1941 vitalem
1392 1900 1420 1940 E
1449 1913 1473 1938 N
1498 1913 1523 1937 T
1551 1912 1563 1936 1
1586 1908 1653 1996 uss

1515 1959 1612 1997 admi
1627 1965 1654 1996 it

130 2021 230 2058 (2*)
260 2024 333 2053 Ant.
358 2024 395 2055 de
420 2024 544 2056 Rus
568 2030 623 2055 rat.
652 2025 778 2055 medend-
806 2022 848 2055 T.
877 2022 929 2054 111.
949 2032 977 2059 p.
1003 2020 1069 2054 146.
1097 2029 1164 2054 147.

129 2068 171 2100 (2
185 2062 258 2098 **)
281 2066 414 2100 Journal.
437 2068 470 2095 de
496 2069 602 2098 Medec.
629 2071 714 2102 1758.
747 2064 793 2095 M.
819 2065 902 2096 Nov.
941 2063 1084 2095 Woon
1098 2072 1134 2091 w
1150 2069 1239 2093 ΛΚΒ
1261 2056 1332 2100 cases
1357 2068 1385 2097 p.
1411 2066 1478 2092 321.

129 2105 197 2141 (a)
221 2104 273 2134 Vr
288 2115 304 2133 R
318 2117 326 2134 1
340 2116 390 2136 DE
405 2117 428 2137 ’τ’
452 2109 491 2137 du
517 2110 571 2138 lion
591 2108 668 2144 chyle
698 2117 728 2145 p.
754 2109 801 2138 26.

130 2146 196 2181 (h)
220 2144 254 2176 L.
272 2144 296 2175 l.
326 2159 378 2185 περι
398 2146 488 2181 Bruti-ng
507 2150 531 2176 8:
552 2161 604 2187 περι
623 2146 724 2184 ›confit-ag.

131 2188 192 2221 (c)
216 2189 314 2217 Curat.
331 2193 404 2216 acue.
425 2187 458 2218 L.
478 2186 519 2217 H.
552 2200 576 2219 c.
601 2201 626 2223 7.

129 2228 195 2262 (d)
222 2230 262 2256 De
279 2233 355 2264 part.
368 2230 454 2259 anim.
484 2227 519 2259 L.
541 2228 595 2259 ΙΠ-
617 2240 642 2261 c.
666 2241 693 2265 4.
716 2228 809 2260 bilior.
835 2230 925 2261 anim.
946 2228 981 2259 L.
1004 2226 1031 2259 Ῑ.
1055 2237 1081 2259 c.
1103 2240 1131 2263 7.
1154 2227 1337 2265 argumento
1361 2220 1462 2256 dextri
1492 2218 1600 2253 lateris
1623 2220 1655 2251 5¹¹

49 2267 172 2299 homine
195 2267 354 2297 calidioris.

131 2310 191 2345 (ρ)
218 2312 261 2338 De
283 2306 335 2347 ufic
352 2316 424 2346 part.
447 2308 482 2340 L.
504 2310 575 2342 Vn.
599 2320 626 2341 c.
653 2323 679 2346 9.
704 2320 750 2342 21.
772 2311 805 2341 de
830 2316 1038 2351 temperament.
1068 2309 1103 2340 L.
1127 2307 1171 2340 ΙΙ.
1190 2318 1219 2339 c.
1245 2317 1272 2342 3·

130 2349 365 2387 (f)GAL13N
383 2361 429 2380 us
456 2350 527 2382 ibid.

133 2390 484 2429 (g)CARP1nsxs
509 2393 546 2423 ad
568 2391 838 2426 Maxumum
867 2405 895 2435 p.
919 2391 1059 2425 CCCLI.
1087 2393 1112 2423 h.

134 2433 201 2467 (h)
228 2437 272 2463 De
290 2443 319 2461 re
337 2441 460 2463 attaitom.
489 2433 522 2464 L.
552 2435 622 2467 XV.
643 2445 672 2474 p.
695 2444 762 2472 259.

131 2476 194 2511 (i)
222 2478 265 2505 De
286 2475 364 2504 casici.
383 2476 473 2505 inmt.
488 2486 512 2507 c.
538 2486 585 2514 13.
