1968 2706
291 190 372 227 ιρι
472 172 517 217 L.
542 172 622 218 VI.
663 163 846 217 SECT.
875 171 1285 217 LSANGU1NIS
1337 174 1446 218 PER
1473 177 1787 221 ARTERIAS

285 273 350 315 De
370 271 556 313 anellianis
582 273 720 313 tubulis
746 275 904 319 monui,
936 272 997 314 sed
1020 273 1096 311 hoc
1127 270 1215 312 loco
1241 271 1391 323 expedit
1414 274 1592 324 repetiiffe
1608 305 1619 320 ,
1645 288 1774 327 aquam
1794 281 1896 329 equi*-

283 336 370 373 dem
391 363 401 379 ,
428 346 508 384 quae
539 334 660 371 minus
690 333 820 372 viscida
849 333 891 372 fit
917 360 930 379 ‚
976 333 1114 371 emboli
1156 333 1193 371 vi
1223 332 1269 371 de
1310 332 1563 383 angustiffimis
1594 336 1806 376 canalicuiis
1833 351 1897 377 ex-

284 394 372 445 pelli
405 392 505 444 poss'e
521 419 534 438 ,
566 393 774 431 coloratum
800 405 887 432 vero
922 394 1104 443 liquorem
1135 394 1288 431 retineri
1319 421 1328 437 ,
1358 406 1480 444 neque
1511 394 1587 434 hoc
1614 397 1682 434 iter
1713 397 1896 436 absolvere

282 453 382 504 posse
413 478 425 500 ‚
465 452 568 504 quod
607 452 790 493 craffiores
827 452 1077 507 proculdubio
1115 452 1299 503 particulae
1333 455 1449 493 canali
1485 455 1736 494 vehementius
1777 458 1896 496 adhae-

280 522 334 552 ret
362 507 466 566 (g)
504 536 510 541 -

368 572 482 611 Nunc
506 571 530 610 fi
554 572 698 622 sanguis
727 568 939 613 arteriarum
969 571 1154 612 canalibus
1188 579 1272 610 avet
1294 571 1474 612 adhaetere
1505 599 1516 622 ,
1545 585 1665 623 neque
1695 583 1817 612 tamen
1854 578 1896 614 in·

279 635 368 671 vivo
394 632 548 670 animale
574 633 735 684 sanoque
763 634 949 677 adhaeret,
984 633 1136 671 minime
1162 631 1317 669 dubium
1344 632 1394 670 est
1419 660 1429 675 ,
1455 635 1545 685 quin
1572 632 1650 671 haec
1676 636 1840 682 potentia
1872 649 1893 674 a

280 694 458 731 contraria
490 694 655 741 potentia
682 693 881 732 destruatur
910 723 920 738 ,
962 704 1116 743 eamque
1144 690 1293 730 vicissim
1328 690 1485 736 destruat
1507 726 1516 743 ,
1549 701 1762 752 partemque
1795 693 1895 733 adeo*

275 752 490 803 progreffivi
517 752 700 802 sanguinis
728 761 853 793 motus
880 759 1042 803 occupet
1067 751 1294 801 aboleatque.

317 865 354 921 ς.
397 869 589 911 XXVIII.
652 866 761 928 Ergo
777 867 983 928 stznguz'nis
1001 877 1077 925 per
1094 867 1261 982 αφῖῗνίας
1288 865 1466 908 minimas
1480 860 1648 915 fluentis
1667 865 1845 910 celeritas

969 942 1096 970 mmor
1121 941 1140 968 e
1174 961 1181 968 .

766 1045 967 1106 Menficrcz
995 1045 1105 1102 hujus
1129 1045 1384 1090 decrementi„

354 1167 414 1206 Ex
438 1169 510 1207 istis
539 1168 673 1214 caufis,
704 1171 741 1208 Sc
766 1182 814 1210 ex
843 1170 919 1208 aliis
939 1195 951 1214 ‚
982 1170 1006 1207 fi
1032 1182 1112 1220 quae
1140 1168 1376 1206 fortermeam
1405 1165 1632 1216 diligentiam
1665 1167 1842 1217 fugerunt
1867 1172 1887 1214 ζ,

266 1227 382 1276 vulgo
407 1229 633 1266 consentitur
665 1259 674 1273 ,
710 1231 846 1267 minori
869 1231 906 1266 in
935 1231 1096 1267 minimis
1123 1228 1209 1266 vafis
1231 1257 1240 1271 ‚
1273 1240 1383 1277 quam
1415 1229 1453 1264 in
1479 1228 1617 1265 truncis
1649 1255 1659 1270 ‚
1696 1229 1889 1266 celeritate

265 1287 480 1336 sanguinem
506 1288 731 1326 circumferri
761 1302 769 1327 :
798 1290 834 1326 &
862 1291 898 1327 in
931 1289 1135 1327 universum
1163 1288 1383 1325 celeritatem
1408 1288 1444 1324 in
1472 1288 1630 1324 minimis
1665 1286 1749 1325 vasis
1776 1295 1880 1326 tanto

264 1348 448 1386 minorem
477 1347 650 1396 superesse
674 1377 683 1392 ,
719 1356 857 1399 quanto
886 1351 1021 1398 quaevis
1055 1348 1222 1387 arteriola
1249 1349 1373 1384 minor
1398 1348 1447 1384 est
1468 1373 1480 1392 ‚
1517 1347 1553 1384 ἅτ
1582 1359 1599 1384 a
1618 1347 1729 1384 corde
1760 1360 1881 1386 remo..

261 1407 344 1444 tior.
396 1407 450 1445 Ita
482 1407 621 1444 lentum
654 1406 689 1444 in
722 1407 806 1446 vafis
834 1409 1062 1458 capillaribus
1090 1408 1273 1457 sanguinis
1305 1415 1450 1444 motum
1477 1406 1544 1444 effe
1567 1435 1577 1450 ,
1617 1408 1755 1455 primus
1784 1407 1879 1445 forte

260 1465 409 1515 insignis
448 1467 540 1504 olim
571 1474 704 1505 naturae
747 1468 870 1506 cultor
903 1462 1099 1522 Johannes
1133 1472 1519 1505 bWAMMERDAM
1559 1461 1650 1514 (h)
1687 1468 1833 1503 monuit
1865 1477 1876 1504 ,τ

259 1525 318 1563 sed
347 1525 456 1565 etiam
483 1521 682 1565 Antonius
705 1527 751 1564 de
779 1527 950 1567 Heme
987 1526 1067 1577 (i)
1094 1530 1131 1566 in
1161 1526 1245 1564 vasis
1274 1525 1504 1575 capillaribus
1537 1528 1634 1576 prius
1666 1555 1676 1569 ,
1704 1538 1814 1575 quam
1837 1527 1876 1564 in

257 1592 391 1624 trunco
431 1588 645 1636 sanguinem
685 1587 844 1637 stagnare
872 1618 881 1632 ‚
919 1588 978 1628 sua
1012 1601 1078 1639 per
1127 1588 1373 1639 experimenta
1419 1595 1564 1636 reperit.
1622 1584 1736 1623 Porro
1762 1580 1876 1624 Hen-

256 1641 358 1684 ricus
390 1646 492 1684 Min
510 1657 564 1684 LE
578 1657 596 1684 s
626 1644 713 1698 (k)
740 1652 777 1684 in
800 1650 1000 1696 majoribus
1022 1647 1206 1687 canalibus
1224 1658 1316 1684 ranae
1340 1646 1551 1695 sanguinem
1573 1646 1742 1682 torrentis
1757 1645 1873 1683 modo

256 1717 383 1749 ruere,
405 1708 443 1743 in
470 1706 676 1744 minoribus
707 1707 836 1744 rubros
859 1707 1038 1755 globulos
1056 1738 1066 1752 ‚
1111 1706 1235 1755 aliquo
1264 1706 1459 1743 intervallo
1491 1705 1674 1742 distinctos
1704 1733 1714 1747 ‚
1739 1705 1873 1742 lentius

255 1755 289 1801 se
322 1765 486 1814 insequi,
518 1776 593 1803 non
622 1765 716 1802 adeo
745 1765 886 1804 dudum
907 1766 1041 1805 retulit.
1075 1766 1251 1813 Magnam
1282 1766 1461 1802 rationem
1480 1764 1585 1810 hujus
1613 1763 1872 1802 retardationis

254 1822 348 1867 esse,
384 1837 463 1875 quae
490 1831 613 1863 tamen
638 1825 780 1863 calculo
814 1828 890 1864 erui
923 1833 1111 1877 nequeat,
1140 1826 1296 1874 graviter
1333 1823 1591 1873 pronunciavit
1614 1817 1755 1862 Petrus
1780 1821 1873 1861 An-

252 1882 378 1922 tonius
407 1884 800 1922 MicHELOTTus
827 1881 902 1933 (l)
935 1901 941 1924 :
972 1887 1008 1923 &
1038 1885 1113 1923 vasa
1147 1884 1326 1933 capillaria
1352 1884 1448 1921 lente
1481 1897 1499 1921 a
1532 1884 1705 1931 sanguine
1740 1883 1871 1932 perflui

250 1941 281 1992 J.
313 1938 493 1998 Baptsscz
524 1943 699 1982 SENAc
731 1943 858 1995 (m).
895 1946 930 1983 ἃ
958 1941 1212 1985 Hermanmcs
1241 1944 1563 1982 BoERHAAvr,
1594 1942 1651 1989 (n
1671 1940 1685 1990 )
1705 1969 1713 1982 ,
1741 1943 1776 1979 ὃς
1809 1944 1869 1980 alii

251 2004 413 2043 austores
438 2003 715 2053 con-senserunt..
773 2005 885 2043 Addit
909 2006 962 2045 Ci.
982 2006 1004 2044 S
1018 2019 1041 2044 T
1056 2018 1075 2043 E
1090 2019 1111 2043 v
1126 2017 1145 2042 E
1160 2017 1184 2042 N
1199 2015 1215 2043 s
1231 2017 1254 2042 o
1267 2016 1291 2041 N
1309 2032 1318 2047 ,
1340 2003 1535 2053 giobuium
1571 2003 1718 2041 rubrum
1747 2014 1866 2039 aream

1670 2061 1868 2100 microsco-

330 2192 395 2232 (g)
417 2190 519 2223 Simile
545 2189 791 2231 experimentum
816 2192 911 2225 habet
932 2196 1085 2233 Stephanus
1109 2194 1200 2225 HAL
1214 2202 1255 2223 ῖς
1283 2188 1417 2229 Ῑηεηιαβ.,
1433 2197 1463 2227 p.
1492 2197 1558 2226 150.-

330 2236 344 2268 (
359 2235 402 2269 h)
428 2234 459 2264 in
481 2235 609 2264 corollar.
630 2234 668 2263 ad
689 2233 752 2264 diss.
777 2235 810 2264 de
830 2234 1017 2275 respiratione.

329 2276 393 2310 (i)
419 2279 489 2306 Exn
514 2282 540 2306 8.

325 2318 394 2351 (k)
422 2318 490 2346 Phil.
528 2315 674 2355 Tranfiuft'.
700 2327 733 2347 n.
756 2320 824 2352 460.

327 2357 385 2392 (l)
415 2358 505 2395 ἦραν.
524 2359 611 2395 fluid.
643 2369 673 2397 p.
694 2370 742 2393 99·
768 2369 835 2388 100.

327 2399 413 2436 (m)
445 2398 474 2427 P·
505 2399 540 2429 ΙΙ.
568 2409 597 2438 p.
625 2405 694 2437 158.

328 2441 404 2477 (n)
428 2440 544 2471 Pralec'i.
569 2441 605 2471 ad
625 2441 712 2480 lnstz‘t.
738 2445 777 2471 rei
801 2443 885 2474 Mean
910 2452 938 2474 n.
964 2452 1028 2473 221.
