1968 2706
611 156 811 207 SEC'T.
857 162 947 206 IV,
1009 166 1285 209 SERUM.
1651 172 1740 222 '137

107 268 249 309 centius
280 267 349 310 est,
383 268 420 304 &
447 259 647 314 integrius,
678 264 802 314 liquor
826 276 913 305 vero
943 265 1018 302 vini
1068 265 1105 302 δι
1133 267 1314 305 meracior
1343 265 1470 309 fuerit,
1505 267 1542 303 &
1567 262 1734 308 calidior.

110 328 226 376 Quod
255 328 353 364 enim
379 327 518 376 aliquot
547 327 619 373 jam
652 323 728 362 dies
762 323 987 363 adservatum
1021 323 1104 373 (c)
1139 327 1207 365 fuit
1243 327 1387 370 serum,
1418 328 1492 374 ejus
1517 326 1627 366 fluida
1659 341 1727 367 na-

109 396 187 426 tura
223 399 241 424 a
281 386 395 424 vinosi
444 385 583 434 spiritus
630 382 787 422 efficacia
830 387 892 423 vix
931 385 1133 436 quidquam
1170 389 1326 437 patitur,
1364 387 1400 423 &
1431 398 1470 424 ea
1501 387 1596 425 forte
1632 390 1724 426 ratio

108 448 220 485 fuerit
258 446 354 483 illius
402 441 648 487 discriminis,
700 444 802 494 quod
844 447 938 482 inter
980 446 1033 484 Cl.
1075 447 1240 483 vitorum
1280 446 1529 498 experimenta
1565 450 1727 486 interce·

110 503 165 543 dit
194 499 332 553 (c*).
381 502 498 541 Etiam
526 503 696 541 albumen
727 503 919 543 adultioris
948 505 1039 555 pulli
1070 505 1165 544 male
1206 507 1352 554 cogitur
1383 503 1533 556 (εΗ).
1587 505 1723 545 Eadem

111 566 265 616 lympha
293 575 376 601 cum
408 561 534 614 spiritu
561 564 635 600 vini
670 559 758 611 (d)
783 593 793 608 ,
822 565 857 601 δι
882 565 925 603 ab
958 566 1043 613 igne
1080 564 1169 614 (e)
1196 565 1286 615 saepe
1321 566 1485 603 rubescit.

197 623 290 661 Haec
317 629 488 665 caeterum
526 624 774 672 experimenta
802 636 888 662 cum
919 631 1002 663 toto
1033 625 1111 663 sero
1138 625 1249 669 faeta,
1281 632 1402 663 tamen
1426 625 1652 675 potissimum
1681 625 1725 664 ad

109 686 185 732 ,eius
213 690 356 733 partem
387 682 625 730 gelatinosam
651 685 846 732 pertinent.

556 808 592 849 ς.
638 802 726 840 VH.
789 799 876 841 Seri
907 799 955 842 ab
989 801 1078 858 igne
1105 800 1280 844 mutatio.

197 921 397 971 Analyses,
431 932 519 970 quas
551 928 711 965 vocant,
753 921 817 958 seri
856 923 955 975 apud
994 924 1182 973 scriptotes
1213 923 1378 963 medicos
1417 924 1495 962 satis
1521 935 1610 962 rarae
1638 920 1731 963 sune*

112 981 370 1030 Antiquiffima
396 980 548 1018 debetur
580 975 796 1019 Gzcrzltlzero
824 982 859 1019 N
877 995 1108 1028 sennam,
1137 986 1270 1034 qui,in
1301 983 1404 1035 pinta
1423 984 1488 1021 seri
1523 984 1571 1021 de
1601 984 1726 1022 huma-

110 1053 162 1080 no
188 1041 360 1089 sanguine
380 1069 389 1083 ‚
417 1042 540 1078 uncias
570 1041 788 1090 phlegmatis
809 1043 972 1092 quinque
1000 1054 1084 1080 cum
1111 1043 1303 1088 drachma,
1321 1040 1462 1093 spiritus
1494 1043 1635 1081 alcalini
1661 1055 1728 1081 un-

110 1102 182 1140 cias
214 1099 275 1138 sex
299 1129 308 1143 ‚
338 1100 416 1137 salis
451 1100 512 1136 fixi
555 1100 745 1150 scrupulos
787 1101 909 1145 duos,
952 1102 1029 1138 salis
1069 1102 1225 1140 volatilis
1267 1103 1359 1140 nihil
1390 1102 1591 1153 quidquam
1619 1114 1728 1152 repe-

113 1163 159 1199 rit
195 1154 302 1210 (f),
331 1171 451 1209 neque
489 1159 575 1196 olei.
629 1158 684 1197 Ex
717 1161 819 1197 bovis
852 1172 939 1199 vero
968 1160 1142 1209 sanguine
1173 1162 1375 1211 separatum
1407 1163 1524 1200 serum
1554 1174 1599 1199 ex
1630 1160 1727 1200 libris

113 1226 273 1270 quatuor
305 1218 406 1256 dedit
431 1231 532 1269 aquae
564 1218 636 1257 five
667 1219 886 1268 phlegmatis
923 1220 1030 1257 libras
1063 1220 1176 1265 duas,
1211 1222 1501 1259 &tantumdem
1524 1220 1731 1259 crassamen-

113 1278 142 1317 ti
169 1277 309 1316 residui.
358 1277 413 1316 Ex
438 1290 486 1316 eo
515 1277 753 1317 crassamento
782 1279 924 1329 spiritus
953 1279 1078 1318 e11cuit
1109 1281 1162 1318 vir
1199 1281 1256 1319 Cl.
1292 1282 1420 1320 libram
1450 1294 1581 1325 unam,
1611 1282 1738 1320 uncias

113 1350 272 1381 novem,
311 1338 383 1374 olei
425 1338 613 1376 drachmas
660 1344 754 1383 tres,
796 1340 950 1386 yolatilis
990 1340 1067 1378 salis
1100 1340 1288 1393 scrupulos
1327 1341 1462 1391 septem
1504 1353 1613 1390 grana
1648 1340 1733 1384 sex,

114 1398 241 1446 capitis
267 1399 403 1435 mortui
429 1397 618 1435 drachmas
652 1405 735 1442 26,
757 1400 793 1436 in
818 1412 893 1449 quo
921 1399 1101 1438 drachmae
1132 1400 1211 1438 duae
1244 1413 1351 1451 grana
1381 1400 1546 1451 quinque
1571 1400 1649 1438 salis
1671 1399 1736 1437 fixi

112 1457 262 1494 fuerunt
289 1456 386 1510 (g).
433 1455 582 1495 Mireris
620 1458 749 1508 utique
782 1459 997 1498 abnormem
1027 1461 1065 1497 in
1097 1459 1226 1509 analysi
1261 1460 1327 1498 seri
1354 1460 1505 1499 humani
1531 1460 1567 1497 &
1601 1459 1735 1497 taurini

115 1515 366 1554 diversitatem.

224 1574 316 1613 Inde
359 1571 611 1625 Raymundus
658 1577 720 1615 Vi
744 1588 960 1616 eussist
1004 1579 1079 1615 duo
1108 1580 1360 1630 experimenta
1394 1580 1489 1617 fecit.
1549 1578 1593 1616 In
1629 1578 1734 1627 prio-

114 1637 145 1673 ri
174 1629 263 1681 (ἢ)
296 1636 398 1673 librae
430 1634 531 1679 duae,
572 1638 686 1674 unciae
725 1639 785 1675 sex
814 1638 878 1674 seri
906 1638 1110 1681 dederuut,
1138 1638 1260 1675 lenem
1292 1640 1334 1675 ad
1367 1641 1516 1688 ignem,
1545 1638 1735 1688 phlegma-

106 1696 160 1732 -tis
195 1690 267 1740 (i)
305 1698 426 1744 primo
468 1695 634 1746 iimpidi,
664 1698 748 1734 inde
781 1697 959 1735 subfaetidi
988 1696 1093 1734 libras
1136 1697 1222 1736 duas
1256 1698 1442 1735 drachmas
1474 1697 1559 1741 sex,
1600 1708 1735 1746 nempe

316 1754 369 1773 ιιι

115 1751 182 1806 {g}
208 1751 276 1790 five
310 1780 375 1806 ΠΣ
415 1760 532 1802 partes
566 1757 679 1794 totius
715 1756 792 1794 seri³
841 1756 1059 1800 Refiduum,
1096 1758 1207 1796 molle
1235 1757 1270 1794 &
1297 1769 1475 1796 corneum
1490 1787 1499 1802 ,
1532 1756 1577 1795 ad
1609 1757 1734 1794 uncias

1570 1816 1736 1866 quinque

200 1870 215 1903 (
228 1870 269 1903 c)
291 1879 321 1907 p·
346 1877 413 1906 132·
1719 1909 1726 1916 .

200 1911 243 1944 (C
258 1908 303 1945 *)
325 1909 354 1938 Si
378 1909 541 1941 misceatur
565 1913 772 1952 aquareginae
796 1913 972 1952 hungariae,
1000 1914 1051 1944 vel
1080 1914 1201 1945 sulfuris
1229 1915 1383 1948 tinemut,
1405 1915 1455 1945 vei
1482 1912 1602 1953 spiritus
1630 1912 1740 1943 volati-

116 1951 154 1981 lis
178 1950 320 2020 alicalinus
336 1951 432 1981 crusta
451 1970 460 1985 ‚
485 1952 625 1984 coriacea
648 1957 733 1985 nulla
756 1955 888 1986 nascitur
916 1954 994 1986 sz
1009 1965 1026 1985 G
1041 1967 1059 1985 H
1093 1955 1155 1987 diff.
1183 1968 1212 1996 p.
1242 1963 1287 1988 81.
1334 1957 1369 1987 ld
1393 1957 1431 1986 ad
1460 1966 1544 1994 aquae
1567 1956 1740 1984 ubertatem

117 1998 186 2022 retu
199 2002 284 2022 erim.

200 2032 741 2074 (c**)MAm10fflform.fi›t.
772 2049 801 2078 p.
829 2049 876 2071 12.
904 2038 1093 2076 Reum.
1119 2045 1189 2072 mot.
1220 2043 1296 2072 cord„
1316 2050 1345 2080 p.
1372 2051 1422 2077 27.
1441 2041 1509 2075 [28.
1532 2037 1747 2069 MAerE·

116 2083 228 2113 JEAN
244 2075 330 2112 fbrm.
354 2077 394 2104 du
414 2078 515 2113 poulet.
541 2087 569 2113 p.
589 2082 652 2110 181,
683 2086 749 2110 182.

201 2116 215 2150 (
231 2117 250 2146 d
265 2118 278 2152 )
305 2119 411 2147 comm.
427 2119 518 2148 Acad.
537 2119 643 2155 Petrop.
666 2119 707 2150 T.
724 2120 743 2152 Ι.
769 2132 796 2160 p.
812 2123 879 2156 269.

198 2157 264 2192 (e)
286 2157 314 2187 D
328 2169 344 2187 E
359 2169 382 2187 U
398 2169 430 2188 st
441 2169 462 2188 N
476 2169 494 2188 G
521 2160 554 2187 de
578 2159 670 2196 fimas?
695 2164 807 2194 micrOC.
823 2162 885 2193 diss.
901 2174 927 2198 7.

204 2198 434 2234 (f)B1Rc}1
467 2200 506 2232 T.
529 2198 589 2230 III.
615 2213 644 2241 p.
665 2209 733 2242 235.

202 2239 269 2277 (g)
300 2251 330 2278 p.
351 2252 417 2286 zzff.
442 2251 511 2279 235.

209 2280 278 2316 (h)
305 2284 404 2311 Traite
432 2284 478 2311 des
498 2286 621 2320 liqtceurs
640 2297 668 2325 p,
689 2297 735 2322 31,

181 2322 269 2367 ..(i)
293 2321 432 2352 SENAc
460 2323 500 2355 T.
521 2324 554 2369 li.
575 2336 602 2363 p.
631 2335 695 2359 108.
725 2329 869 2369 phlegma
894 2339 957 2361 non
984 2341 1088 2363 carere
1126 2328 1300 2363 efficacibus
1334 2328 1491 2372 particulis
1514 2326 1662 2367 adparet,
1683 2333 1754 2355 cum

125 2359 234 2435 fimssgsg
250 2362 287 2392 de
322 2363 474 2409 albumine
505 2366 671 2399 stillatitius
704 2369 807 2409 liquor
833 2373 991 2412 myrrham
1016 2374 1120 2406 solvat
1153 2372 1348 2412 MACQUE
1365 2384 1386 2407 R
1426 2372 1520 2410 Clym·
1539 2375 1615 2408 Prsst·
1641 2364 1682 2398 T·
1710 2364 1753 2396 Π·

130 2413 159 2442 ι)-
177 2415 195 2439 4
239 2427 245 2432 -

220 2444 366 2489 Heller
398 2433 607 2506 Pliyfiolog.
658 2455 766 2494 Tom.
801 2456 862 2495 ΙΙ,
1290 2459 1315 2500 S
