1968 2706
436 162 714 204 ‘Mo-sus
777 158 1318 203 puocnssssrvus.
1613 168 1694 207 ,τεῇ

176 288 209 329 5.
243 281 341 321 Vlll.
408 277 629 336 Diversum
656 288 889 320 momentum
919 276 1212 334 particularum
1245 273 1393 334 diverfi
1411 276 1608 333 ponderis.

175 376 323 415 Deinde
345 406 354 421 ‚
379 378 403 414 fi
432 379 471 414 in
493 378 667 425 sanguine
690 376 875 426 particulae
905 376 1086 415 vehuntur
1120 387 1196 413 non
1228 374 1390 423 ejusdem
1417 376 1531 412 innati
1551 373 1692 424 ponde-

86 437 133 473 ris
152 465 162 479 ‚
192 448 269 473 non
293 436 446 474 dubium
467 437 516 474 est
532 464 540 478 ,
571 437 660 484 quin
691 437 775 473 axin
799 448 850 473 eae
881 442 1028 474 teneant
1052 465 1062 479 ‚
1090 446 1319 484 quaecunque
1341 434 1505 485 pondere
1539 435 1691 483 proprio

85 496 241 544 reliquas
261 495 440 543 superant.
484 495 703 532 Communis
733 493 904 533 omnibus
935 507 954 532 a
983 495 1095 532 corde
1124 494 1296 531 velocitas
1320 495 1524 545 impertitur
1548 521 1559 536 ‚
1587 491 1691 529 maffa

85 563 176 591 vero
199 553 252 590 his
267 553 451 602 particulis
471 554 586 601 major
607 554 654 590 est
669 582 678 596 ‚
702 555 735 591 δι
758 555 914 602 impetus
939 554 1032 592 adeo
1056 554 1171 600 major
1189 581 1199 595 ,
1216 560 1258 589 ut
1272 552 1427 601 reliquas
1445 553 1491 591 de
1509 551 1691 590 ret‘tiffima

84 612 180 648 linea
197 640 207 654 ,
233 623 340 659 quam
355 623 399 649 ex
417 612 528 657 corde
550 620 675 650 euntes
694 612 894 662 sequuntur
914 642 924 656 ‚
944 613 1007 650 suo
1028 613 1163 650 robore
1183 610 1263 663 (p)
1285 611 1477 660 depellant.
1506 611 1560 650 Ita
1577 640 1590 655 ,
1618 613 1691 659 jam

85 670 148 708 CA
163 682 184 705 R
196 681 220 705 T
234 681 252 706 E
266 682 280 706 s
295 680 305 706 1
321 682 342 706 u
356 681 373 708 s
391 696 401 716 ‚
431 683 515 709 cum
533 683 578 708 ex
595 671 727 708 eodem
751 671 879 721 sclopo
911 672 1092 720 plunbeos
1121 670 1294 719 globulos
1317 670 1351 706 δι
1377 670 1544 708 subereos
1561 670 1691 719 explo-

81 729 212 771 deret,
245 728 335 766 vidit
370 729 504 767 lineam
532 731 571 766 in
603 729 664 767 axi
702 730 816 779 sclopi
841 732 879 768 in
908 731 1045 768 rectum
1073 728 1239 767 eductam
1270 741 1288 766 a
1328 727 1504 777 plumbeo
1533 726 1690 778 globulo

84 788 199 824 teneri
225 786 270 824 ad
288 787 399 826 latera
426 800 512 826 vero
544 788 662 836 spargi
690 777 866 826 subereos.

170 844 292 883 Video
312 846 370 884 Cl.
399 849 528 890 virum,
547 848 782 898 nostrumque
804 848 891 885 dum
915 849 1007 884 vixit
1024 847 1182 886 amicum
1198 847 1237 885 A.
1259 846 1294 884 F.
1313 846 1370 884 W
1384 859 1406 883 A
1420 860 1440 884 L
1453 857 1476 882 T
1489 859 1514 883 H
1528 860 1547 884 E
1564 860 1663 885 RUM
1676 876 1686 891 ‚

79 904 167 941 huic
191 904 383 942 diversitati
407 917 536 957 parum
562 907 746 949 tribuere,
771 918 887 955 -quam
915 918 934 943 a
962 904 1076 956 prima
1104 919 1247 957 quaque
1271 908 1406 944 arteriae
1438 906 1689 944 contraffione

82 962 200 1000 credit
226 964 436 1001 conturbari
469 963 520 1017 (p
538 958 612 1014 *).
639 965 710 1002 Sed
744 966 914 1003 eumdem
942 968 1108 1014 proxima
1136 966 1284 1003 diastole
1309 966 1470 1003 restituit,

175 1020 322 1059 Deinde
353 1051 362 1065 ,
397 1035 442 1060 ex
479 1023 612 1060 eodem
641 1025 893 1072 experimento
918 1026 969 1062 vis
990 1051 1002 1067 ‚
1035 1037 1106 1074 qua
1134 1023 1375 1073 ponderofior
1392 1023 1566 1072 globulus
1601 1025 1691 1063 fere-

81 1087 161 1122 tur,
180 1081 296 1128 major
309 1083 375 1118 erit
396 1111 406 1125 ‚
422 1094 530 1131 quam
552 1083 604 1118 vis
625 1093 695 1128 qua
711 1082 822 1118 fertur
835 1083 1007 1130 globulus
1030 1084 1160 1122 levior.
1185 1082 1306 1120 Video
1320 1095 1445 1120 coram
1466 1081 1574 1122 Petri
1589 1080 1687 1123 Ant.

79 1137 535 1194 MICHELOTT1(q),
559 1135 1209 1193 &Francg'ftiBO1sst(r)‚
1233 1144 1394 1180 virorum
1418 1142 1687 1182 clarissimorum

81 1199 299 1235 contrariam
321 1197 697 1243 demonstrationem,
732 1202 793 1249 qui
820 1201 1002 1238 minorem
1029 1201 1250 1238 celeritatem
1282 1214 1300 1238 a
1335 1203 1493 1249 graviori
1532 1202 1689 1251 globulo

77 1257 196 1305 recipi
221 1257 437 1306 ostendunt,
453 1250 489 1296 δὲ
509 1260 547 1296 in
576 1261 720 1297 ratione
757 1259 903 1309 quidem
930 1260 1092 1303 inversa,
1119 1259 1367 1308 subduplicata
1400 1259 1690 1306 denfitatum5&

81 1314 171 1362 lego
193 1315 452 1354 nobiliffimum
479 1316 594 1355 virum
619 1313 841 1372 chpertum
860 1318 930 1356 GH
945 1331 1064 1356 ERAR
1077 1332 1102 1356 D
1115 1332 1127 1356 1
1145 1318 1165 1367 (
1181 1319 1229 1366 s)
1255 1319 1331 1356 haec
1347 1330 1459 1370 porro
1483 1328 1685 1358 ornantem.

152 1371 290 1410 Verum
319 1375 451 1413 10¹Em
479 1379 664 1427 propriam
682 1379 927 1426 objectionem
942 1378 1095 1415 resolvit.
1133 1378 1325 1426 Sanguinis
1340 1380 1436 1415 enim
1458 1378 1687 1419 succedentes

81 1431 146 1468 fibi
173 1433 362 1471 columnas
389 1438 564 1483 majorem
595 1433 734 1486 semper
767 1430 917 1485 argento
949 1438 1032 1474 vivo
1071 1437 1292 1474 celeritatem
1322 1438 1507 1488 impertire
1534 1438 1686 1487 fatetur,

81 1490 203 1529 donec
232 1492 383 1531 eandem
418 1505 503 1532 cum
537 1496 710 1543 sanguine
746 1497 978 1534 velocitatem
1009 1495 1222 1545 adipiscatur
1248 1490 1388 1545 (s*).
1450 1496 1558 1534 Tunc
1599 1510 1686 1537 vero

80 1550 208 1599 utique
223 1560 416 1590 momento
440 1554 574 1591 feretur
604 1556 756 1602 majori,
778 1555 1016 1604 praecipitabit
1056 1555 1271 1593 secretiones
1288 1584 1298 1599 ‚
1318 1554 1511 1593 obstrueas
1534 1555 1687 1604 glandu-

81 1607 131 1650 las
158 1610 311 1657 aperiet,
346 1612 381 1648 &
416 1610 568 1651 demum
598 1613 672 1650 vasa
695 1619 872 1665 rumpet,
912 1615 965 1651 uti
992 1614 1029 1651 in
1061 1626 1147 1652 cane
1164 1625 1227 1663 per
1263 1614 1556 1664 experimentum
1588 1627 1684 1654 con-

82 1667 167 1704 stitit
200 1667 217 1714 (
239 1675 255 1704 τ
271 1665 301 1719 ).

198 1725 252 1763 Ex
278 1726 405 1765 eadem
432 1730 572 1766 ratione
595 1730 769 1777 globulus
797 1731 904 1769 ruber
936 1732 972 1768 &
998 1732 1083 1769 axin
1115 1731 1284 1773 tenebit,
1321 1731 1357 1768 &
1381 1729 1527 1779 longius
1553 1745 1684 1782 proce-

82 1784 169 1828 det,
204 1796 313 1834 quam
343 1787 494 1836 quidem
519 1789 697 1839 particula
719 1791 842 1839 aliqua
863 1791 1009 1828 ramosae
1044 1790 1193 1838 figurae,
1226 1801 1306 1839 quae
1337 1789 1399 1827 sub
1423 1792 1551 1838 majori
1581 1793 1684 1830 volu-

81 1845 178 1880 mine
206 1856 280 1880 non
301 1845 381 1893 plus
405 1845 513 1883 habet
535 1849 690 1886 materiae
705 1877 714 1891 ‚
752 1861 861 1898 quam
885 1849 1035 1898 quidem
1054 1847 1251 1896 globulus,
1276 1860 1396 1898 neque
1422 1849 1513 1887 adeo
1530 1851 1682 1898 perinde

84 1902 259 1950 objiciam
281 1915 539 1954 quamcunque
568 1906 796 1945 resistentiam
824 1908 965 1957 superat
999 1904 1098 1956 (u).
1134 1907 1224 1944 Sunt
1245 1911 1342 1946 enim
1365 1905 1566 1946 refistentiae
1592 1935 1603 1955 ‚
1640 1917 1682 1948 ut

1533 1969 1681 2016 quadra-

165 2016 204 2052 (p
220 2014 233 2050 )
258 2014 275 2044 S
286 2025 302 2043 c
316 2027 381 2046 nw
394 2027 410 2047 E
423 2028 443 2046 N
454 2027 474 2047 r<
487 2028 502 2047 E
529 2020 694 2058 haematoleg.
720 2032 748 2065 P)
776 2027 822 2056 78-
845 2021 873 2051 N
890 2033 905 2053 E
918 2034 928 2052 ι
945 2033 961 2053 r
975 2032 992 2053 E
1004 2033 1020 2051 L
1031 2032 1055 2052 n
1092 2021 1122 2051 iu
1141 2021 1249 2059 primit.
1269 2023 1386 2055 Polonic.
1407 2022 1440 2050 de
1452 2020 1551 2060 ficret.
1562 2034 1589 2056 n.
1610 2033 1675 2062 130.

163 2057 204 2093 (p
218 2054 264 2091 *)
288 2060 332 2087 De
346 2056 443 2095 sturzf
469 2061 548 2097 occip.
569 2071 598 2098 p.
620 2061 677 2091 IX.

162 2097 233 2135 (q)
259 2100 300 2126 De
311 2097 430 2136 fipwat.
447 2102 565 2136 fluidor.
591 2112 618 2140 p.
642 2113 707 2132 120.

164 2136 227 2172 (r)
250 2138 298 2166 Ad
322 2140 500 2179 haemqstatiks
524 2141 565 2171 Cl.
599 2143 717 2172 HALE
733 2149 744 2168 S
772 2153 800 2181 p.
829 2153 875 2179 43.
896 2154 945 2180 44.

164 2178 232 2252 ἒςέ
246 2179 311 2255 >Del
321 2178 371 2218 ufh
390 2183 438 2211 del
454 2184 592 2212 mercurio
615 2185 687 2213 nella
708 2185 846 2214 medicina
868 2196 897 2224 p.
919 2189 967 2215 66.

193 2229 204 2246 s
282 2229 311 2257 p.
336 2232 381 2252 27.

69 2273 89 2303 *.
164 2258 230 2295 (t)
255 2258 426 2299 Argentum
448 2262 555 2293 vivum
578 2262 661 2294 cauis
678 2275 764 2296 venae
790 2263 934 2300 injectum
954 2266 1077 2299 fuerat,
1100 2264 1249 2297 sedecima
1270 2266 1341 2298 inde
1362 2268 1528 2306 septimana
1547 2269 1675 2303 fluidum

81 2297 112 2327 1d
141 2299 298 2329 metallum
317 2303 348 2331 in
368 2303 522 2341 pulmonis
534 2305 660 2335 subnato
683 2308 786 2337 ulcere
801 2313 957 2344 repertum
980 2306 1030 2337 est.
1062 2306 1183 2346 Miscell.
1202 2308 1300 2348 curios.
1326 2308 1366 2340 T.
1385 2310 1674 2345 111.C0nf.WA1-

80 2349 209 2384 nizwss
231 2349 345 2372 romu
370 2344 459 2381 osthe
481 2347 535 2375 air.
560 2356 591 2384 p.
611 2352 658 2382 84.
684 2356 743 2387 1¹3·
789 2347 1120 2380 Bomanvtae
1139 2350 1246 2379 viribus
1269 2351 1340 2380 med.
1359 2360 1387 2389 P·
1413 2360 1564 2390 226.227.
1590 2358 1681 2395 95u&

74 2380 158 2410 olim
196 2381 528 2416 PvrcARmum.

161 2420 175 2458 (
190 2422 236 2460 u)
250 2421 435 2463 Irregu‘iaria
455 2427 493 2458 ad
512 2426 619 2461 littora
636 2430 793 2469 pelluntur
813 2431 860 2461 des
878 2427 935 2460 LA
947 2440 1001 2463 un
1012 2440 1030 2462 ε
1044 2430 1066 2469 s]
1085 2430 1118 2463 T.
1140 2430 1172 2462 1:
1188 2442 1217 2471 p.
1246 2434 1331 2470 1070!
