1968 2706
212 152 268 199 '28
571 144 573 146 ’
675 146 810 192 LIB.
854 145 909 191 V.
972 151 1354 195 SANGUIS.

212 260 290 286 mas
321 248 560 298 contemplari
591 259 736 297 aequum
763 247 835 292 est,
878 248 916 285 in
943 260 1030 298 quas
1060 248 1189 299 sponte
1226 249 1286 287 sua
1316 250 1353 287 ὃς
1382 249 1513 301 absque
1543 255 1623 293 artis
1652 255 1808 307 imperio

212 307 373 346 discedit.
423 308 551 345 Aerem
579 306 777 345 breviffime
797 313 1014 355 tangemus,
1045 320 1157 358 quem
1179 308 1334 359 putredo
1354 338 1364 353 ,
1388 310 1528 362 aliaque
1561 314 1706 354 artificia
1741 317 1810 354 de-

211 367 432 411 monstrant,
467 366 504 404 id
533 368 628 403 enim
663 367 752 404 aeris
783 365 1006 404 elementum
1036 379 1056 404 a
1082 367 1313 417 respiratione
1346 381 1438 419 aque
1474 370 1660 420 pulmonis
1689 374 1805 414 effica-

211 428 266 464 cia
293 421 387 478 (x)
431 425 598 463 divellere
639 426 688 464 fas
729 437 807 463 non
841 425 891 463 est
913 455 923 469 ‚
945 438 948 441 ·
972 438 1045 475 quo
1089 427 1239 476 quidem
1269 427 1355 465 loco
1383 430 1565 478 inquirere
1596 435 1801 482 oportebit,

209 496 298 523 num
329 497 410 528 aer,
442 485 553 533 qualis
582 492 651 523 nos·
688 485 850 534 undique
892 485 1026 532 ambit,
1058 486 1096 522 in
1128 485 1301 535 sanguine
1329 489 1581 527 contineatur:
1607 501 1653 526 an
1682 493 1805 540 potius

210 544 286 582 aliae
311 546 385 592 ejus
418 544 506 582 aeris
529 544 633 582 dotes
659 544 746 586 sint,
782 544 845 593 qui
879 544 973 581 inter
1002 545 1179 584 elementa
1207 547 1345 583 cruoris
1372 547 1428 584 est.
1794 565 1802 571 ,

293 600 427 651 Ignem
456 602 556 641 calor
586 603 814 640 demonstrat.
861 601 1042 642 Omnium
1075 606 1171 641 enirn
1195 604 1405 642 animalium
1433 606 1599 655 sanguis,
1638 607 1727 646 dum
1753 611 1805 647 vi-

206 668 323 705 vunt,
359 657 500 711 aliquot
536 662 718 711 gradibus,
746 673 810 710 per
841 661 1145 700 thermometrum
1177 662 1412 706 definiendis,
1444 664 1547 714 supra
1572 678 1702 715 aquam
1742 676 1804 707 aut

202 732 319 757 aerem
351 721 443 758 calet
471 716 583 773 (y),
618 723 655 758 in
692 732 767 770 quo
795 732 835 758 ea
871 721 1036 758 animalia
1068 723 1203 759 vivunt.
1243 720 1384 759 Eorum
1409 734 1540 772 nempe
1567 725 1720 774 piscium
1750 729 1802 765 vi-

199 779 310 817 talem
339 780 553 820 humorem,
590 793 608 818 a
638 791 797 830 quorum
826 780 959 818 fabrica
985 780 1113 829 pulmo
1139 780 1251 823 abest,
1281 781 1316 817 δε
1348 781 1560 830 sanguinem
1590 785 1801 824 animalium

199 838 479 891 quadrupedum
509 840 764 889 oviparorum,
799 839 931 889 quibus
970 839 1100 888 pulmo
1143 840 1192 877 est
1218 869 1228 883 ,
1264 839 1324 876 sed
1369 842 1554 889 exiguus,
1597 844 1633 880 δι
1670 839 1799 883 υηὶὲυε

198 899 318 936 cordis
346 899 590 942 ventriculus,
617 901 763 948 penitus
798 898 948 948 quidem
979 898 1134 946 frigere,
1173 910 1306 947 nempe
1336 910 1380 936 eo
1408 899 1527 937 calore
1558 902 1667 940 unice
1698 903 1792 947 frui,

196 959 259 1006 qui
289 959 326 994 in
349 957 582 1007 atmosphaera
611 958 680 1002 est,
712 964 774 995 aut
800 960 837 994 in
861 969 964 1006 aqua,
988 964 1134 1006 recepta
1168 957 1237 994 fuit
1263 958 1405 1006 opinio.
1448 956 1508 997 De
1543 961 1663 1011 vipera
1688 961 1794 1009 (Ζ),

195 1016 374 1055 testudine
407 1016 489 1064 (a)
509 1046 518 1060 ,
554 1018 661 1054 etiam
687 1017 852 1060 robusta,
886 1016 923 1053 δι
955 1013 1057 1063 cujus
1083 1027 1148 1053 cor
1180 1016 1296 1053 valide
1333 1018 1483 1055 micaret
1506 1013 1606 1070 (b),
1637 1020 1798 1058 testimo-

194 1076 254 1112 nia
293 1076 454 1118 exstant,
489 1083 529 1113 ut
573 1077 681 1114 etiam
721 1087 799 1112 aere
834 1074 919 1122 (c)
945 1102 954 1116 ‚
1003 1074 1039 1111 δε
1073 1085 1164 1124 aqua
1192 1070 1285 1122 (d)
1321 1074 1549 1124 frigidiorem
1583 1077 1795 1127 sanguinem

192 1134 326 1173 habere
351 1163 361 1178 ,
405 1133 499 1178 fint,
538 1136 602 1184 qui
649 1132 851 1182 scripserint
883 1146 890 1169 :
930 1131 990 1169 alii
1025 1139 1149 1173 tamen
1192 1133 1289 1171 haud
1323 1135 1433 1183 paulo
1468 1136 1596 1174 refflus
1639 1137 1794 1188 relique-

191 1195 263 1230 rint
288 1192 386 1240 (e),
412 1204 452 1232 ea
479 1195 658 1243 temperie
684 1191 772 1235 else,
812 1204 892 1241 quoe
932 1202 1032 1241 aquae
1065 1193 1122 1230 est.
1160 1191 1280 1230 Facile
1318 1205 1405 1231 vero
1438 1197 1792 1243 peregrinatoribus,

191 1264 210 1289 a
237 1258 373 1290 naturae
400 1252 518 1290 studio
560 1252 776 1301 plerumque
808 1251 959 1293 alienis,
997 1250 1175 1300 ejusmodi
1217 1264 1355 1290 errores
1384 1253 1579 1302 obrepunt.
1625 1255 1788 1305 Nempe,

191 1312 253 1361 qui
281 1311 537 1348 thermometri
569 1312 706 1348 auxilio
738 1310 896 1348 destituti
932 1309 1012 1346 solo
1051 1322 1098 1347 ex
1130 1309 1231 1349 sensu
1271 1311 1335 1348 suo
1374 1312 1534 1349 calorem
1569 1315 1788 1358 metiuntur,

188 1369 231 1406 iis
261 1371 384 1407 omnia
411 1370 541 1418 frigida
576 1369 766 1412 videntum*
795 1380 874 1418 quae
904 1368 967 1405 suo
1006 1368 1178 1417 sanguine
1219 1370 1339 1406 minus
1365 1370 1511 1418 calent,
1547 1379 1608 1408 aut
1635 1373 1792 1410 elemen-

188 1431 232 1465 tis
260 1429 328 1466 suis
365 1441 500 1477 organa
528 1429 639 1466 nostri
664 1428 782 1466 sensus
807 1427 930 1462 minus
957 1426 1122 1463 celeriter
1148 1434 1347 1469 removent,
1379 1441 1488 1476 quam
1519 1432 1688 1478 proprius
1715 1433 1792 1469 sau-

188 1489 269 1535 guis
299 1481 389 1539 (f).
422 1486 521 1524 Hinc
543 1487 606 1529 fit,
639 1493 679 1524 ut
699 1482 957 1534 profundiores
984 1483 1083 1521 cellae
1111 1483 1325 1534 fontesque,
1357 1487 1421 1534 qui
1451 1485 1496 1523 de
1517 1488 1652 1526 intimis
1683 1502 1790 1528 mon-

187 1547 232 1583 tis
271 1546 492 1589 scaturiunt,
535 1545 655 1582 hieme
698 1544 838 1590 calere,
872 1542 990 1580 aestate
1029 1553 1117 1586 vero
1160 1543 1291 1591 frigere
1329 1542 1543 1582 videantur:
1575 1550 1790 1596 temperiem

188 1606 286 1642 enim
317 1616 395 1642 non
437 1609 604 1647 mutant,
646 1614 727 1654 quae
762 1601 837 1641 fere
878 1605 930 1652 53
977 1598 1061 1656 (g)
1103 1595 1538 1643 FAHRENHEITIANORUM
1573 1606 1782 1654 graduum,

1676 1666 1785 1705 etiam

269 1786 344 1865 {ii}
364 1782 642 1867 gorgiicsI-‘Mvnlizlir
655 1833 721 1855 mu:
744 1814 774 1856 iii
793 1823 897 1856 libello
921 1824 955 1855 de
974 1824 1144 1856 animalibus
1157 1824 1317 1865 finilihus,
1342 1828 1370 1857 ὃς
1394 1823 1533 1865 inprimis
1557 1823 1587 1854 iu
1616 1821 1711 1864 Effliys
1727 1835 1795 1855 me«

187 1868 262 1899 dicul
281 1870 340 1898 and
354 1868 550 1909 philosophical
572 1878 599 1907 p.
618 1875 683 1904 327.
700 1866 782 1905 seqq.

269 1909 641 1947 (2)BORR101÷11U5
671 1908 709 1937 ad
732 1909 968 1939 BAR‘rr-xozr
987 1905 1184 1945 NumEpst.
1201 1914 1248 1939 92.
1273 1905 1424 1939 eent.1V.

269 1950 328 1990 (a)
352 1949 426 1986 Ejus
439 1950 614 1991 semguinem
635 1948 744 1986 frigere
770 1947 796 1979 R
811 1958 830 1978 ο
843 1959 862 1977 u
874 1958 896 1978 D
909 1958 925 1976 E
941 1959 957 1977 L
972 1959 989 1977 E
1004 1958 1027 1977 Τ
1050 1949 1082 1978 de
1095 1945 1189 1986 piscilr.
1218 1956 1247 1984 p.
1263 1955 1333 1984 448-
1350 1958 1417 1986 575.
1446 1947 1470 1978 F
1482 1958 1501 1978 Α
1514 1959 1531 1979 Β
1545 1957 1594 1978 ER
1616 1947 1653 1977 ad
1679 1947 1706 1977 H
1719 1958 1733 1977 Ε
1746 1959 1783 1978 R·-

185 2001 207 2021 u
219 2000 302 2021 ΛΝΒ
314 2003 331 2022 E
343 2002 360 2021 z
379 2003 409 2030 p.
433 1997 499 2028 448-
533 1991 555 2021 P
569 2002 585 2019 1.
597 2001 679 2021 υΜι
692 2001 708 2020 r.
720 2001 742 2021 R
770 1989 802 2019 in
827 1990 952 2026 Journal
966 1990 1000 2018 de
1020 1992 1153 2021 Trevoux
1178 1996 1262 2025 ¹705·
1282 1989 1324 2021 M.
1348 1989 1434 2020 Febr.
1464 1988 1512 2025 JA
1528 2000 1544 2018 c
1558 1998 1576 2017 o
1591 1998 1609 2019 n
1625 1998 1654 2019 :z
1673 1997 1693 2018 υ
1710 2000 1721 2019 s
1755 1992 1789 2033 ‘i‘

186 2034 264 2062 ranis
285 2042 314 2070 p.
336 2036 402 2062 106.
426 2032 453 2062 H
469 2043 487 2062 υ
506 2043 522 2062 o
536 2041 583 2062 ΗΕ
597 2042 609 2062 s
627 2033 746 2063 natural
765 2029 868 2069 hg‘story
891 2028 924 2068 os
944 2031 1090 2061 Barhados
1112 2039 1142 2068 p.
1164 2038 1230 2065 399·
1248 2032 1302 2062 ἀεῖ.

267 2072 331 2109 (b)
353 2073 423 2104 Phil.
448 2072 550 2113 Trans
573 2082 601 2102 n.
626 2084 675 2107 27.

265 2116 337 2191 83)
350 2113 463 2184 Igliicn
478 2164 493 2183 ε
506 2165 527 2184 R
552 2155 687 2186 Memoir.
701 2154 734 2183 de
744 2153 859 2184 I’Acasl.
882 2158 971 2183 avant
996 2156 1080 2190 ¹699-
1109 2155 1218 2193 Voyage
1237 2155 1270 2183 de
1287 2155 1414 2184 Guianne
1433 2161 1462 2190 p.
1487 2159 1554 2185 325.
1578 2149 1629 2181 Du
1650 2151 1770 2182 Hamas.

185 2197 244 2237 hffl·
257 2198 336 2226 acad.
362 2198 422 2234 Reg.
434 2194 533 2234 fiient.
556 2205 583 2233 p.
602 2206 667 2231 157.
691 2193 834 2225 Deterius
854 2196 1015 2224 Leonardus
1027 2205 1043 2223 a
1069 2193 1094 2225 C
1106 2205 1124 2224 A
1139 2204 1157 2224 P
1169 2205 1188 2226 o
1204 2205 1225 2224 A
1240 2215 1248 2231 ,
1274 2194 1327 2233 qui
1349 2194 1442 2226 etiam
1464 2191 1612 2231 delphini,
1629 2195 1774 2231 phocae&

186 2245 324 2269 cetorum
348 2237 442 2266 corda
469 2246 536 2266 aere
563 2235 725 2274 frigidiora
742 2235 816 2266 fecit
834 2236 900 2264 delle
919 2234 1039 2273 moffbtte
1059 2245 1089 2274 p.
1108 2245 1156 2271 44.

267 2278 323 2315 (e)
353 2277 380 2307 H
395 2287 530 2307 Ater-:Y
564 2277 643 2316 apud
674 2277 749 2307 Bru
764 2287 810 2307 cu
829 2276 887 2312 hili.
909 2274 998 2313 ofthe
1019 2278 1052 2305 R.
1077 2277 1133 2306 Soc.
1164 2274 1207 2308 T.
1230 2274 1287 2307 IV.
1307 2287 1336 2316 p.
1364 2288 1431 2315 257·
1465 2272 1519 2303 BA
1534 2283 1609 2303 ειη
1644 2272 1773 2316 olgffifisr·

182 2320 218 2350 les
231 2319 472 2396 pltgajfgsgbzprrd.
484 2368 499 2388 ε
522 2357 556 2395 of
566 2359 633 2388 cold.
655 2369 683 2396 p.
706 2368 729 2392 3.
755 2361 807 2389 δια.
832 2358 876 2388 W
888 2367 907 2388 o
921 2366 964 2388 tr
988 2366 1044 2388 von
1066 2359 1120 2388 den
1136 2358 1315 2397 wdrkungen
1329 2359 1378 2390 der
1396 2363 1492 2390 natur.
1508 2364 1536 2386 n.
1555 2366 1603 2392 74.

263 2402 326 2440 (g)
345 2399 411 2431 ΜΛ
426 2409 559 2431 anze
588 2396 681 2440 Effivys
698 2410 727 2439 p-
748 2407 818 2438 223,
