1968 2706
238 174 318 211 144
787 155 930 202 LIB.
966 156 1022 202 V.
1071 159 1364 202 SANGUIS.

319 257 408 298 Haec
429 258 552 296 omnia
579 258 615 294 &
645 256 773 305 sponte
807 257 866 296 sua
888 260 927 296 in
950 259 1164 297 hominibus
1194 261 1242 297 ita
1269 258 1361 296 natis
1389 256 1653 302 dominantur,
1680 255 1718 294 &
1740 255 1842 293 variis

233 318 353 358 modis
388 320 428 355 in
455 328 612 366 corpora
643 316 801 356 humana
828 318 1016 357 introduci
1044 318 1191 369 poffunt
1208 348 1218 363 ,
1247 330 1335 369 quae
1361 317 1531 356 nondum
1567 330 1586 356 a
1613 315 1845 355 mediocrita-

235 387 270 417 te
291 377 520 417 recesserunt.
577 375 692 422 Quies
726 378 917 428 corporis,
948 378 1048 416 cibus
1082 379 1291 428 vegetabilis
1316 377 1475 421 lasteus,
1507 376 1656 415 somnus
1687 377 1845 419 nimius,

235 439 352 486 longo
382 437 443 475 usu
470 435 514 474 ad
549 447 628 472 eam
663 438 878 486 temperiem
907 438 1071 484 ducunt,
1098 439 1216 476 subito
1247 450 1335 476 vero
1372 439 1504 476 virium
1533 447 1763 487 quaecunque
1788 448 1846 473 ve-

234 497 443 535 hementior
480 494 691 539 exhaustio,
733 495 803 534 five
839 509 879 536 ea
916 510 935 535 a
972 497 1164 547 praegrelso
1197 497 1319 536 valido
1352 498 1485 535 morbo
1519 503 1599 534 nata
1634 496 1702 540 fi-t,
1734 493 1803 533 sive
1828 507 1847 532 a

235 557 418 604 sanguinis
453 555 553 592 rubri
579 566 800 605 quacunque
822 557 965 605 jac'iura.
1013 555 1348 596 Innumerabilibus
1373 557 1551 607 exempli-s
1587 556 1769 598 constitit,
1800 552 1852 592 se·

236 628 277 653 ro
313 616 495 657 omnino,
540 622 601 651 aut
640 627 851 665 nunquam,
897 617 1100 665 legitimam
1144 617 1386 666 globulorum
1425 619 1570 669 copiam
1613 616 1787 665 reparari,
1823 613 1849 651 fi

237 674 386 725 quando
412 673 527 712 subita
553 685 685 712 eorum
719 676 906 725 nimiaque
938 678 1126 715 evacuatio
1159 676 1342 714 acciderit.
1391 675 1449 713 ΡΑ
1467 686 1654 719 UL1NA‚
1704 674 1850 712 Senecae

237 735 416 772 celebrata
444 745 560 777 uxor,
602 746 687 772 cum
715 734 759 771 de
794 736 894 773 venis
926 734 1043 774 incifis
1083 748 1255 784 magnam
1290 735 1473 783 sanguinis
1507 737 1580 773 vim
1617 732 1800 778 emifilset‚
1830 746 1850 771 a

235 793 448 832 NERoNE
477 793 599 830 vivere
632 794 775 836 coaffila,
804 806 995 844 nunquam
1026 808 1092 845 per
1117 804 1232 833 totam
1257 796 1366 831 vitam
1396 807 1572 843 genarum
1601 796 1765 831 nativum
1793 805 1852 830 ru-

236 853 368 891 borem
395 854 648 902 recuperavit,
685 865 805 904 neque
841 849 1021 894 Achilles
1061 855 1335 893 GASSERUS
1376 854 1460 907 (q)
1482 880 1494 901 ‚
1537 867 1622 893 cum
1657 866 1701 890 ex
1740 853 1851 890 dente

237 912 359 952 avulso
391 912 592 961 plurimum
621 914 759 951 cruoris
785 913 959 953 amisisset.
1010 914 1081 951 Sed
1108 915 1214 951 etiam
1258 927 1277 951 a
1322 913 1530 962 spontaneis
1562 914 1742 962 sanguinis
1773 925 1852 950 eva-

238 970 471 1011 cuationibus
502 971 604 1019 (r),
630 985 648 1010 a
679 974 820 1010 narium
859 973 1148 1022 haemorrhagia,
1177 973 1279 1023 quod
1317 974 1529 1020 exemplum
1561 985 1686 1012 coram
1723 971 1849 1015 video,

238 1033 274 1069 ἃ
300 1032 343 1068 ab
373 1031 710 1069 haemorrhoidibus
744 1032 847 1081 (5),
875 1034 910 1070 &
941 1034 985 1071 ab
1009 1032 1224 1081 haemoptyfi
1253 1033 1329 1081 (t)
1362 1032 1526 1082 hydrops
1554 1032 1783 1083 supervenit,
1817 1031 1854 1067 ὃς

237 1104 254 1128 a
288 1091 408 1128 nimiis
441 1090 594 1128 demum
619 1091 664 1129 de
696 1103 786 1129 vena
818 1092 1001 1140 sanguinis
1029 1091 1254 1130 miffionibus
1282 1092 1388 1138 (u),
1427 1094 1533 1129 etiam
1563 1094 1606 1130 ab
1631 1092 1736 1129 unica
1768 1089 1852 1137 (κ),

241 1150 302 1187 sed
333 1150 525 1193 abnormi,
565 1152 827 1194 evacuatione,
862 1153 971 1188 etiam
1004 1152 1043 1188 in
1072 1150 1290 1189 validiffimis
1317 1151 1557 1196 animalibus,
1592 1152 1628 1189 &
1656 1151 1700 1188 ab
1737 1160 1852 1199 aquo-

246 1209 290 1246 fis
311 1209 450 1247 morbis
481 1208 562 1260 (y)
595 1208 821 1248 alieniffimis.

680 1333 712 1374 ς.
762 1327 807 1366 V.
875 1316 1203 1382 Temperament‘a
1230 1336 1418 1369 veterum.

335 1445 429 1490 Quae
466 1445 636 1483 hactenus
672 1440 951 1496 proposuimus,
990 1448 1070 1484 satis
1120 1458 1205 1485 cum
1251 1449 1381 1486 veteris
1418 1446 1551 1485 scholae
1580 1445 1672 1494 (z)
1697 1445 1856 1495 'placitis

246 1505 494 1547 conveniunt,
516 1517 592 1542 non
624 1506 777 1554 perinde
795 1532 806 1550 ,
845 1518 927 1557 quae
947 1505 1103 1546 dicenda
1128 1506 1327 1556 supersunt.
1382 1506 1515 1545 Schola
1547 1516 1681 1554 nempe
1710 1504 1858 1543 Caleni-

1815 1576 1856 1603 ca

335 1678 629 1717 (q)RtJ1v1LER
651 1677 704 1717 olffi
719 1690 766 1714 72.

324 1721 338 1754 (
355 1721 395 1755 r)
418 1719 553 1749 Celebris
581 1719 653 1749 inde
673 1721 754 1758 apud
778 1720 807 1751 D
819 1731 830 1750 1
846 1730 864 1751 o
876 1731 897 1750 N
910 1731 965 1752 EM
991 1722 1018 1752 A
1032 1731 1055 1753 D
1070 1730 1093 1753 R
1106 1731 1118 1750 ι
1131 1730 1153 1749 A
1166 1729 1187 1749 N
1200 1730 1212 1748 1
1230 1719 1307 1759 Aug.
1337 1720 1483 1760 hydrops.
1519 1719 1589 1750 Alia
1617 1718 1754 1758 exempla
1774 1718 1860 1748 varia

247 1768 366 1799 magno
388 1770 518 1791 numero
540 1761 658 1791 exstant
685 1761 767 1800 apud
797 1762 813 1791 S
826 1772 844 1791 1⁷
856 1773 867 1791 1
883 1773 901 1791 c,
914 1773 930 1792 E
946 1774 985 1793 Lx
998 1774 1022 1793 U
1035 1775 1064 1794 M
1089 1768 1167 1792 anat.
1185 1772 1213 1799 p.
1234 1770 1303 1791 222.
1324 1764 1355 1798 J.
1369 1766 1433 1800 Juc.
1452 1762 1497 1791 W
1509 1772 1525 1791 E
1536 1771 1555 1790 Ρ
1568 1771 1610 1791 Fa
1625 1771 1646 1793 R
1667 1762 1700 1790 de
1720 1761 1860 1798 apoplexia

242 1811 360 1840 13-193·
394 1800 421 1831 G
434 1812 451 1830 L
466 1813 478 1831 1
498 1813 509 1832 s
523 1813 534 1832 s
551 1812 570 1832 o
586 1811 606 1832 N
621 1812 632 1831 1
647 1812 671 1832 U
687 1812 715 1831 rvi
742 1804 774 1832 zie
796 1805 892 1841 hepate
914 1815 943 1843 p,
968 1813 1034 1843 399·
1056 1804 1136 1834 Ζεῦ
1149 1813 1197 1831 cu
1210 1813 1221 1831 1
1234 1812 1296 1832 UM
1321 1802 1651 1843 coazJic.t.n1ed.p.36.
1692 1801 1739 1831 Hx
1756 1811 1807 1831 Μ)
1822 1811 1860 1830 A-

206 1852 209 1853 ’
245 1852 267 1872 N
282 1853 306 1873 U
319 1852 349 1872 M
373 1845 450 1872 Czut.
468 1843 505 1874 ΙῘ.
521 1842 574 1882 olgs]
594 1849 639 1874 18.
672 1842 696 1872 Β
711 1854 764 1874 AU
779 1855 790 1874 s
804 1856 819 1873 e
834 1855 853 1874 Η
879 1847 912 1874 de
934 1849 1004 1876 aecite
1025 1849 1055 1875 in
1070 1854 1172 1883 proem.
1190 1845 1261 1881 Eph.
1282 1845 1350 1875 Nat.
1370 1848 1437 1875 Cur.
1453 1848 1518 1875 Dsc.
1536 1845 1555 1874 l.
1580 1855 1650 1874 amz.
1673 1842 1714 1873 Il.
1733 1840 1787 1880 013st
1809 1848 1858 1877 48.

244 1883 275 1913 D
290 1894 307 1914 E
319 1893 362 1954 LI:
376 1893 442 1955 ῖίἷῐῖῑ
455 1886 582 1954 SAmcen-
599 1888 663 1915 Dec·
681 1884 704 1914 Ι-
720 1883 781 1925 Cus.
796 1885 822 1918 Ι.
843 1889 1003 1917 Cornelium
1027 1886 1059 1919 T
1071 1897 1092 1916 R
1103 1897 1113 1916 1
1129 1896 1148 1916 o
1161 1895 1178 1915 E
1190 1895 1211 1914 N
1231 1882 1295 1925 olgffi
1311 1896 1340 1924 p.
1363 1892 1407 1917 18.
1430 1896 1475 1923 19.
1501 1887 1528 1915 &
1546 1885 1623 1915 olim
1649 1884 1727 1915 Hm
1739 1894 1757 1913 P
1769 1893 1787 1913 o
1800 1894 1856 1915 CR.

245 1928 315 1962 epid.
364 1948 368 1953 .
433 1948 438 1954 .
475 1947 482 1955 .
501 1939 526 1960 4·
546 1937 573 1956 n.
592 1938 616 1963 ς.

325 1967 387 2000 (5)
409 1965 433 1995 Z
450 1977 468 1996 A
481 1979 524 1998 cc
538 1979 578 1997 Hr
592 1977 612 1996 A
625 1977 636 1996 s
657 1968 721 1996 mal.
744 1968 856 2008 hypoch.
881 1983 910 2009 p.
935 1981 979 2009 ςο.
1017 1969 1065 2002 De
1089 1969 1117 2000 G
1133 1979 1150 1998 ο
1168 1978 1189 1999 R
1206 1976 1229 1997 'r
1246 1978 1262 1998 E
1279 1977 1301 1997 R
1316 1968 1446 2006 Chirurg.
1467 1978 1498 2005 p.
1518 1976 1592 1998 ισο-

296 2048 301 2053 ,
326 2009 390 2043 (t)
412 2010 474 2044 Jul,
499 2010 581 2047 Ofim'
601 2009 637 2038 tle
654 2009 682 2037 la
698 2008 734 2038 M
746 2019 762 2039 Ε
779 2021 802 2041 T
817 2021 838 2042 T
850 2022 872 2043 Ρ.
883 2023 893 2041 1
907 2023 923 2043 E
951 2022 1055 2042 oeuvres
1073 2012 1106 2040 de
1121 2011 1219 2040 medec.
1245 2006 1298 2048 obj]
1318 2020 1366 2040 zo.
1391 2009 1439 2040 De
1454 2009 1596 2048 hydrope
1629 2006 1793 2047 pericardii
1813 2008 1859 2037 lo-

251 2055 367 2088 qmtur.

246 2090 287 2127 k:
332 2091 407 2124 (u)
433 2090 483 2120 Hx
495 2102 513 2121 P
528 2101 545 2120 ν
562 2101 581 2120 o
594 2102 609 2120 c
624 2102 645 2122 R
668 2095 792 2130 prorhet.
818 2092 852 2124 L.
865 2095 901 2125 ll.
924 2105 953 2125 n.
975 2094 1033 2124 XI.
1060 2093 1107 2124 Sv
1121 2103 1144 2123 D
1156 2103 1172 2123 E
1184 2103 1206 2122 N
1218 2102 1237 2122 rr
1250 2103 1271 2122 A
1284 2102 1312 2121 M
1335 2092 1367 2120 de
1380 2091 1517 2127 hydrope,
1537 2091 1566 2122 G
1578 2102 1598 2121 A
1613 2101 1657 2120 LE
1669 2101 1691 2120 N
1704 2100 1728 2120 U
1743 2100 1754 2119 s
1776 2090 1860 2120 mett).

254 2133 326 2161 med.
344 2130 377 2161 L.
400 2130 477 2160 XII.
502 2132 609 2162 addito
637 2135 789 2173 exemplo.
815 2139 843 2172 J,
855 2139 915 2173 Juc.
944 2136 988 2166 W
1002 2147 1017 2166 E
1031 2146 1050 2165 Ρ
1062 2145 1078 2166 F
1089 2146 1105 2166 E
1116 2146 1155 2166 R,
1174 2134 1231 2164 RA
1244 2144 1267 2164 U
1282 2144 1300 2162 L
1312 2143 1323 2161 1
1336 2142 1357 2161 N
1374 2133 1419 2160 des
1432 2134 1535 2161 variat.
1549 2135 1582 2162 de
1595 2133 1671 2162 l’air,
1684 2142 1713 2170 p.
1730 2142 1793 2166 104.
1807 2134 1862 2160 ἃς.

333 2173 408 2208 (x)
431 2171 512 2202 Cum
541 2174 675 2212 quinque
705 2175 800 2205 librae·
821 2176 975 2217 sanguinis
1007 2178 1078 2207 sano
1109 2174 1233 2206 homini
1261 2172 1406 2204 den-aeres
1433 2171 1556 2204 fuiffent
1587 2174 1633 2204 W
1649 2184 1665 2203 E
1684 2183 1702 2203 P
1721 2183 1737 2202 F
1752 2182 1768 2202 E
1785 2182 1806 2203 R
1829 2172 1862 2201 de

254 2216 376 2253 apoplex.
395 2223 424 2251 p.
446 2223 511 2249 329·

337 2256 411 2292 (y)
432 2253 470 2284 In
495 2266 568 2287 cane
587 2257 833 2296 experimentum
858 2259 933 2290 fecit
959 2259 1119 2290 fridericus
1144 2258 1200 2289 Ho
1214 2269 1231 2289 1-
1244 2269 1273 2288 Μ
1285 2268 1305 2287 Α
1316 2267 1337 2286 N
1349 2267 1370 2286 N
1394 2258 1426 2286 de
1446 2257 1642 2296 elastt'cit.fibr.
1658 2267 1686 2295 p.
1706 2265 1750 2292 17.

252 2298 297 2332 Γ
337 2297 409 2332 (2)
429 2296 554 2341 'Sanguis
569 2319 576 2332 ‚
599 2300 726 2336 pilium,
754 2299 821 2329 bilis
844 2301 953 2339 duplex
1010 2300 1152 2339 Princeps
1175 2300 1282 2330 audior
1312 2298 1353 2328 cst
1378 2297 1509 2337 scriptor
1532 2299 1599 2329 libii
1622 2299 1655 2326 de
1677 2308 1698 2326 n
1717 2304 1784 2341 tufa
1813 2294 1859 2339 hea

258 2338 362 2369 minis,
384 2348 435 2375 (μυ
459 2342 551 2369 exstat
574 2339 651 2370 inter
672 2341 924 2379 hippocraticos,
946 2344 973 2372 8<
1000 2341 1123 2372 alterius
1151 2341 1245 2371 etiam
1281 2339 1350 2371 libri
1377 2352 1431 2376 περ
1456 2352 1542 2370 mua-mv
1569 2342 1695 2370 aucloſtr
1711 2347 1761 2376 (ΡΗ
1786 2345 1864 2373 pasl-

257 2384 303 2408 ter
333 2378 413 2408 inter
435 2379 665 2419 hippoe-satiens
689 2383 738 2412 est.
807 2382 882 2413 Inde
913 2382 934 2412 R
946 2394 969 2414 U
981 2394 997 2414 F
1011 2393 1035 2414 u
1050 2394 1060 2412 s
1091 2393 1158 2413 eam
1184 2382 1368 2415 sententiam
1395 2381 1493 2415 tenuit
1523 2382 1557 2412 de
1589 2380 1713 2419 appellat·
1730 2383 1807 2417 Part·
1833 2388 1864 2416 P·

262 2430 313 2456 43·
329 2430 378 2456 44.
398 2419 470 2451 edit.
502 2420 528 2452 C
544 2433 562 2453 L
575 2433 586 2452 1
598 2433 618 2452 N
632 2434 649 2453 c
662 2434 680 2454 H
696 2445 704 2459 ,
723 2423 836 2464 aliique
857 2424 961 2464 passim
976 2423 1160 2466 dogmatici.
