1968 2706
227 180 309 220 164
449 167 494 211 L.
539 171 605 212 Vl.
646 167 727 211 SE
746 162 851 212 GT.
897 171 926 211 1.
989 169 1256 213 SANGUINIS
1300 172 1390 216 PER
1422 175 1672 232 ‚ARTERIAS

228 269 317 307 chiis
348 268 499 319 quidem
530 268 572 305 ab
590 274 760 306 anatome
779 275 943 316 repetere
962 267 1047 316 (u)
1069 297 1078 311 ‚
1109 268 1170 306 hic
1196 281 1308 318 porro
1335 281 1412 308 non
1436 272 1696 320 exponendos.
1739 272 1837 310 Nam
1867 271 1871 274 ’

228 331 267 367 in
293 330 413 377 capite
447 329 647 364 accuratius
678 326 867 376 aliquanto
895 328 1099 366 carotidum
1123 328 1155 364 ἃ
1185 329 1444 367 vertebralium
1476 331 1686 369 arteriarum
1720 344 1840 369 ramos

228 389 463 438 requiremus.
510 385 578 422 Sed
613 386 725 434 plicas
754 383 862 423 etiam
893 416 903 430 ,
940 399 1019 436 quae
1050 386 1132 423 suut
1159 385 1221 424 sub
1252 388 1387 425 horum
1420 389 1532 426 trium
1564 390 1757 438 grandium
1797 391 1842 428 de

229 455 330 487 aorta
362 445 626 503 prodeuntium
659 452 875 484 truncorum
907 446 1111 494 originibus
1144 474 1153 489 ‚
1186 458 1245 485 eas
1277 447 1362 484 alibi
1392 447 1572 497 expositas
1598 445 1712 502 (x)
1735 478 1746 493 ,
1782 449 1843 487 hie

234 519 312 546 non
340 511 482 555 repeto.

316 629 350 671 §-
393 621 440 661 V.
499 617 641 661 Motus
653 617 857 677 sanguinis
886 633 958 677 quo
979 616 1196 675 fhmmdzcm
1226 620 1322 663 axin
1355 620 1595 664 arteriarum
1615 621 1757 680 pergit.

329 740 374 778 In
401 748 539 779 aortam
566 752 666 778 nunc
686 742 853 780 arteriam
880 769 890 783 ,
927 743 1085 791 ejtisque
1127 753 1249 778 ramos
1293 753 1420 780 omnes
1449 743 1594 791 sanguis
1630 742 1676 780 de
1717 741 1848 780 sinistra

236 800 356 840 cordis
387 812 493 838 cavea
517 811 646 848 magna
675 800 871 837 velocitate
897 801 1111 848 impellitur.
1156 801 1225 837 Sed
1249 802 1276 836 is
1304 829 1313 843 ,
1345 814 1456 851 quem
1485 814 1502 838 a
1535 801 1647 839 corde
1674 800 1816 849 accepit
1834 830 1845 845 ‚

235 868 359 899 motus
384 860 472 897 duas
499 861 654 897 omnino
679 860 716 896 in
748 859 965 897 directiones
994 859 1192 896 resolvitur.
1234 858 1380 904 Prima,
1402 873 1512 910 quam
1526 863 1602 911 iere
1632 859 1741 896 solam
1759 861 1850 909 phy-

235 920 370 969 fiologi
394 920 508 967 vulgo
534 919 654 955 metiri
682 918 822 963 solent,
851 919 885 955 ἃ
910 919 1156 966 contemplari
1183 943 1195 961 ,
1222 930 1261 954 ea
1296 919 1343 955 est
1371 948 1380 962 ‚
1415 932 1485 969 qua
1512 919 1657 967 sanguis
1685 931 1703 956 a
1736 919 1849 956 corde

236 979 436 1018 secut-idum
469 973 942 1020 re&a1n1inea111'secedit,
975 985 1033 1014 aut
1067 976 1232 1014 secedere
1261 976 1412 1016 sumitur
1436 1008 1445 1022 ‚
1486 988 1524 1015 ut
1554 990 1616 1030 per
1644 979 1728 1015 axin
1761 986 1850 1015 arte-

238 1042 373 1076 riarum
389 1067 398 1081 ,
433 1036 591 1074 lineasve
608 1037 714 1074 reetas
739 1038 835 1074 huit
857 1038 915 1073 axi
940 1036 1126 1084 parallelas
1143 1065 1152 1078 ‚
1181 1036 1272 1073 rech
1287 1050 1305 1074 a
1325 1038 1435 1075 corde
1453 1050 1518 1087 per
1542 1048 1649 1074 aortae
1667 1066 1675 1080 ‚
1709 1039 1743 1074 δι
1775 1038 1851 1082 ejus

238 1109 424 1136 ramorum
449 1098 533 1133 axin
553 1125 561 1139 ‚
590 1095 633 1132 ad
661 1103 842 1134 extremos
867 1093 1077 1132 arteriarum
1103 1092 1195 1132 fines
1232 1121 1244 1139 ‚
1269 1097 1384 1145 inque
1416 1109 1590 1134 venarum
1623 1097 1725 1133 initia
1752 1095 1852 1132 dida·

240 1165 298 1195 tur
315 1184 326 1200 ,
352 1156 497 1205 qualem
527 1155 601 1192 fere
627 1153 759 1192 lineam
786 1154 892 1203 poffis
912 1166 930 1191 a
958 1154 1078 1192 cordis
1110 1156 1210 1191 exitu
1236 1154 1280 1191 ad
1303 1158 1466 1194 arteriam
1501 1154 1744 1203 temporalem
1773 1153 1850 1191 satis

239 1217 370 1255 restam
393 1215 528 1252 ducere
561 1226 568 1250 :
601 1208 685 1250 eum
720 1221 863 1251 motum
896 1214 1105 1262 imaginaria
1136 1213 1196 1250 illa
1222 1213 1411 1263 cylindrus
1449 1216 1631 1263 sanguinis
1665 1215 1848 1262 sequitur,

241 1287 350 1327 quam
388 1267 623 1312 Laurentius
667 1271 862 1310 BELL1N
880 1285 931 1309 us
966 1270 1043 1323 (y)
1076 1273 1118 1308 ab
1146 1274 1248 1309 omni
1282 1274 1319 1309 in
1351 1275 1504 1322 parietes
1531 1274 1667 1310 arteriae
1698 1274 1723 1310 il
1741 1272 1852 1309 issone

222 1329 445 1375 ⁴immunem
470 1333 532 1370 fibi
564 1332 675 1369 finxit.
728 1331 820 1370 Eum
869 1339 1012 1370 motum
1040 1327 1321 1385 progrtjffivmn
1356 1342 1513 1376 vocant,
1545 1345 1703 1381 eumque
1746 1330 1852 1380 possis

241 1400 278 1434 in
305 1393 443 1442 frigidis
471 1393 684 1430 animalibus
712 1392 829 1429 oculis
854 1392 957 1428 facile
982 1391 1150 1440 usurpate
1179 1404 1185 1428 :
1211 1404 1342 1431 eorum
1369 1396 1464 1430 enim
1497 1392 1639 1441 globuli
1665 1391 1852 1438 sanguinei

243 1457 399 1492 omnino
432 1451 629 1490 secundum
659 1453 743 1488 axin
769 1452 977 1488 arteriarum
1001 1480 1011 1494 ,
1043 1450 1196 1491 lineasve
1220 1451 1265 1489 ad
1299 1452 1385 1489 axin
1416 1452 1602 1503 parallelas
1627 1480 1637 1495 ‚
1669 1449 1852 1490 testiffima

245 1513 442 1551 diredlione
476 1510 687 1564 procedunt
714 1510 795 1562 (z)
1085 1508 1089 1511 ’

539 1608 545 1612 ’
583 1633 618 1675 ς.
660 1627 726 1665 Vl.
796 1620 930 1678 'Hujus
975 1635 1099 1669 motus
1138 1623 1338 1668 velocitas.

331 1748 407 1788 Hic
420 1747 494 1797 ipse
523 1752 646 1782 motus
663 1746 714 1783 est
735 1774 744 1789 ‚
767 1749 867 1794 cujus
889 1748 1124 1784 velocitatem
1153 1746 1364 1797 physiologi
1384 1774 1393 1788 ,
1427 1746 1463 1782 ἃ
1490 1746 1654 1794 inprimis
1684 1748 1851 1793 jatroma-

248 1808 436 1850 thematici
453 1804 692 1856 quaefiverunt
713 1833 721 1847 ,
738 1808 881 1855 quoties
905 1806 1023 1843 cordis
1051 1807 1141 1842 vires
1167 1806 1310 1843 calcu'o
1329 1805 1501 1852 subjicere
1520 1805 1600 1841 suut
1621 1806 1741 1842 conati
1773 1803 1850 1850 (cz).

248 1870 308 1909 Est
321 1878 443 1906 tamen
462 1866 583 1915 aliqua¹
606 1862 785 1902 diversitas
813 1865 907 1903 inter
934 1864 1136 1903 mensuram
1158 1866 1359 1902 velocitatis
1375 1892 1384 1906 ‚
1412 1856 1559 1914 quae'acl
1573 1864 1693 1901 cordis
1712 1874 1855 1900 motum

248 1926 498 1967 definiendum
527 1924 722 1974 requiritur
744 1954 752 1967 ‚
788 1926 822 1961 Sc
851 1924 1053 1962 mensuram
1071 1924 1233 1972 ejusdem
1256 1924 1458 1961 velocitatis
1476 1952 1486 1967 ,
1514 1936 1581 1973 qua
1599 1936 1662 1974 per
1691 1923 1855 1959 arteriam

249 1989 372 2027 fertur.
418 1986 562 2033 Nempe
594 1984 757 2031 priorem
786 1985 967 2022 caleulum
993 1985 1196 2032 ingreditur
1226 1984 1401 2032 temporis
1425 1982 1514 2020 ratio
1545 1978 1602 2030 (b
1649 2011 1658 2025 ‚
1686 1993 1762 2032 quo
1791 1991 1857 2017 cor

252 2049 291 2086 in
321 2046 447 2097 systole
478 2042 659 2089 versatur,
696 2053 770 2091 quo
799 2043 876 2082 solo
905 2056 1038 2093 nempe
1073 2051 1241 2093 tempore
1276 2055 1340 2081 cor
1370 2050 1485 2080 totam
1508 2043 1676 2092 sanguini
1719 2049 1857 2077 aortam

1727 2098 1858 2152 perflu-

392 2218 405 2253 )
429 2217 467 2248 In
492 2215 621 2257 fasciculo
645 2217 704 2250 VI.

392 2262 404 2297 )
423 2258 457 2290 L.
479 2257 520 2288 11.
537 2269 565 2296 p.
597 2268 644 2296 67.

393 2304 406 2337 )
431 2302 513 2337 Prop.
540 2299 639 2331 XXV.
674 2299 726 2329 Eo
743 2308 850 2329 Enna
866 2308 946 2329 avr.
969 2297 1080 2336 praelcffl.
1105 2298 1196 2329 Acad.
1227 2296 1268 2330 T.
1291 2297 1324 2330 ll.
1351 2308 1379 2338 p.
1404 2301 1470 2330 ²86.

391 2344 403 2378 )
428 2339 632 2380 M‘emoiresur
652 2343 674 2371 le
687 2346 864 2371 mouvement
889 2342 929 2372 clu
942 2338 1016 2379 sung
1041 2349 1068 2380 p.
1092 2350 1158 2379 235.
1180 2342 1235 2372 &a

395 2380 540 2428 )L-,1V-
572 2393 600 2422 v.
629 2383 800 2425 449·se<1q=‚

394 2425 408 2464 )
433 2423 509 2459 ibid.
532 2434 562 2464 p·
578 2433 648 2464 447-
