1968 2706
578 122 770 164 mom
832 121 1181 161 ermerus.
1602 137 1681 170 ‘217

63 224 230 267 videtur3
257 237 336 262 eam
366 230 498 262 terram
527 234 612 261 cum
638 220 761 258 oleosa
793 222 893 268 parte
923 219 1103 266 sanguinis
1135 216 1340 258 subffiam.
1372 215 1486 253 multa
1526 218 1558 253 vi
1595 231 1681 256 cor—

64 288 117 324 dis
144 284 234 332 (x)
271 285 452 334 vividique
470 285 506 320 in
533 281 709 319 circulum
734 285 858 316 motus
880 278 1058 315 subactam
1074 303 1085 320 ,
1102 277 1313 325 mistamque
1329 303 1338 318 ,
1365 275 1506 312 ruboris
1540 278 1678 315 musam

63 345 155 389 effe,
182 344 243 381 etii
272 347 437 381 nundum
465 344 590 391 utique
617 339 798 386 explicare
828 337 1018 386 suscepero
1039 365 1048 380 ‚
1073 348 1149 385 quo
1178 333 1427 373 mechanismo
1454 334 1489 370 id
1513 336 1670 374 elemen-

61 411 141 443 tum
168 405 205 442 in
229 403 390 441 lamellas
415 402 566 440 rubrum
590 396 815 449 potiffimum
844 397 1011 435 colorem
1038 395 1258 434 reflenentes
1281 401 1512 445 praeparetur.

625 512 660 566 §.
698 513 840 556 XIX.
904 510 1098 571 Denfitczs,

148 641 264 680 Etiam
293 638 369 677 haec
399 638 579 687 sanguinis
602 635 755 673 adfeffio
781 647 866 673 cum
896 637 991 679 vita,
1017 644 1176 681 cumque
1204 632 1333 680 vigore
1365 632 1447 669 vitae
1477 632 1631 671 nascitur
1658 633 1673 678 ξ

62 704 97 740 &
124 714 142 739 a
166 708 282 738 morte
309 696 531 749 aliquamliu
554 696 691 745 pefflat.
723 694 795 732 Sed
821 695 971 733 demum
997 696 1033 732 &
1062 693 1134 745 ipsa
1159 691 1322 734 deletur,
1359 703 1445 728 cum
1470 691 1610 740 sanguis
1632 695 1671 730 in

63 760 191 798 flavam
215 770 347 808 aquam
374 758 549 795 resolutus
576 755 750 806 dispereat
781 752 866 803 (y).
931 754 1170 803 Primumque
1214 752 1382 788 omnium
1421 763 1439 788 a
1470 751 1671 791 visciditate

61 819 274 857 denfitatem
300 817 455 868 separare
478 822 651 865 oportet,
668 815 768 860 cujus
794 812 1030 852 diverfiffimae
1046 816 1156 850 caulae
1171 809 1251 847 fint.
1302 809 1422 847 Densa
1439 809 1547 847 fluida
1563 811 1665 855 sunt,

62 880 194 928 quibus
221 877 281 913 sub
312 876 443 913 eodem
480 874 668 912 volumine
697 873 856 910 multum
884 873 933 911 est
961 872 1100 913 malsae,
1128 871 1296 918 adeoque
1338 870 1542 920 ponderis:
1569 870 1669 907 visci-

61 935 128 981 ἀεῖ
157 948 317 987 quorum
348 934 534 986 particulae
557 945 651 981 aegre
674 945 693 969 a
720 938 849 970 mutuo
880 933 1046 970 contaetu
1076 932 1319 969 dimoventur.
1369 928 1464 966 Cum
1497 928 1668 966 densitate

59 997 198 1035 summa
227 995 383 1032 fluiditas
401 993 649 1046 perseeliffima
669 993 849 1040 conjungi
875 992 1014 1040 potest,
1040 993 1076 1028 in
1093 989 1232 1039 argenti
1249 989 1319 1025 vivi
1347 988 1546 1040 exemplo:
1567 1000 1669 1026 cum-

59 1068 131 1107 que
156 1055 297 1092 raritate
324 1054 498 1090 visciditas
517 1083 526 1096 ,
562 1059 600 1089 ut
628 1054 664 1088 in
694 1051 779 1088 oleo
805 1061 814 1088 :
847 1052 1014 1100 interque
1041 1050 1222 1098 sanguinis
1268 1048 1450 1086 elementa
1473 1076 1483 1090 ,
1522 1047 1667 1095 globuli

59 1115 208 1165 quidem
238 1113 336 1149 rubri
377 1111 568 1151 densissimi
597 1111 677 1148 sunt
696 1135 707 1156 ‚
751 1109 810 1146 sed
840 1110 951 1146 iidem
983 1110 1027 1146 ad
1052 1117 1197 1146 motum
1237 1106 1453 1144 obeundum
1486 1106 1664 1155 aptillimi.

56 1174 205 1212 Deinde
231 1184 305 1209 non
332 1179 483 1221 oportet
509 1170 708 1219 coagulum
734 1180 819 1206 cum
848 1167 1020 1206 denfitate
1043 1166 1268 1205 confundere
1289 1165 1404 1203 :illud
1430 1167 1528 1203 enlm
1546 1178 1564 1203 a
1585 1166 1668 1214 glo-

58 1233 153 1270 bulis
185 1231 311 1269 vitiose
342 1232 451 1268 unitis
479 1232 514 1267 &
542 1229 813 1268 confluentibus
837 1228 911 1264 fere
937 1228 1119 1270 nascitur,
1152 1223 1304 1263 densitas
1335 1232 1455 1262 autem
1480 1236 1540 1262 ex
1580 1226 1670 1273 glo-

59 1292 228 1329 bulorum
251 1291 445 1328 rubrorum
465 1290 563 1327 aucta
596 1289 704 1336 copia
723 1314 732 1329 ‚
755 1288 874 1337 adque
901 1286 1037 1336 reliqua
1070 1286 1252 1334 sanguinis
1279 1284 1458 1322 elementa
1480 1284 1664 1333 portione.

55 1349 270 1399 Coagulum
293 1351 422 1399 quietis
457 1356 578 1398 partus
601 1348 671 1390 est,
704 1346 857 1384 densitas
883 1358 901 1384 a
931 1355 1037 1384 motu
1069 1346 1234 1383 nascitur.

143 1408 241 1448 Vera
272 1408 423 1447 denfitas
451 1410 489 1445 in
517 1408 690 1456 sanguine
724 1406 784 1443 vel
809 1407 922 1443 totius
949 1404 1062 1443 maffae
1089 1406 1139 1443 est
1157 1434 1167 1449 ‚
1203 1403 1260 1442 vel
1290 1402 1533 1452 globulorum
1562 1429 1573 1449 ‚
1609 1404 1670 1442 vel

56 1469 254 1519 utriusque.
322 1468 564 1517 Quaecunque
590 1466 654 1508 fit,
689 1477 773 1503 cum
813 1466 947 1504 rubore
982 1465 1124 1512 semper
1153 1464 1414 1512 conJ'ungitur;
1441 1475 1517 1513 quo
1552 1464 1668 1502 laetius

59 1529 157 1564 enirn
185 1525 329 1575 sanguis
350 1528 480 1570 rubet,
510 1539 555 1564 eo
581 1527 698 1573 major
713 1525 954 1572 globulorum
972 1524 1017 1561 ad
1042 1524 1158 1561 serum
1174 1522 1428 1561 circumfluam
1445 1523 1568 1571 portio
1589 1522 1638 1559 est
1654 1548 1667 1568 ‚

58 1587 94 1623 &
116 1588 255 1635 pariter
279 1598 325 1623 eo
358 1585 496 1623 firmior
526 1585 699 1634 quusque
719 1584 864 1631 globuli
897 1595 1105 1632 compage&
1155 1582 1231 1628 Qli
1255 1594 1341 1619 vero
1370 1581 1513 1630 sanguis
1533 1582 1670 1633 absque

58 1645 233 1683 densabili
266 1645 433 1696 placenta
466 1646 629 1682 carnium
657 1643 815 1680 loturam
842 1643 972 1685 refert,
1001 1644 1029 1679 is
1055 1654 1124 1679 una
1144 1640 1314 1679 debiliter
1334 1642 1450 1678 rubet.

152 1703 319 1741 Denfitas
336 1702 449 1741 totius
481 1703 596 1741 massae
616 1702 665 1741 est
689 1703 726 1738 in
748 1701 989 1750 globulorum
1011 1713 1186 1744 numero,
1206 1701 1325 1750 adque
1347 1700 1464 1738 serum
1482 1703 1664 1750 portione.

58 1762 151 1800 Cum
178 1764 278 1800 enim
293 1791 302 1805 ,
319 1775 427 1812 quam
451 1760 568 1800 serum
586 1791 595 1806 ‚
620 1761 902 1814 ponderosiores
922 1760 990 1797 fint
1008 1789 1018 1804 ,
1044 1773 1089 1798 eo
1109 1762 1222 1808 major
1259 1762 1366 1797 etiam
1379 1761 1441 1797 sub
1461 1761 1595 1798 eodem
1610 1775 1675 1800 vo-

58 1822 196 1859 lumine
214 1822 396 1869 sanguinis
418 1821 522 1860 maffa
545 1823 634 1864 erit,
658 1832 734 1870 quo
758 1823 874 1869 major
899 1822 1013 1859 totius
1033 1818 1216 1868 sanguinis
1242 1821 1366 1869 portio
1384 1819 1546 1868 globulis
1564 1821 1670 1858 cons-

56 1888 116 1918 tat,
160 1880 250 1927 an
276 1882 392 1928 major
421 1888 548 1918 contra
571 1880 637 1919 seri
661 1880 708 1916 est
732 1882 857 1928 portio
880 1909 889 1923 ‚
922 1892 968 1917 eo
1001 1881 1122 1917 minus
1142 1880 1182 1915 in
1214 1890 1260 1915 eo
1293 1878 1466 1926 sanguine
1497 1879 1546 1916 est
1576 1891 1671 1929 pon-

58 1940 152 1978 deris
171 1969 181 1983 ,
205 1940 349 1977 ruboris
367 1965 377 1986 ,
403 1939 602 1989 calorisque
631 1939 649 1986 (
668 1949 690 1977 z
707 1940 738 1987 ).

143 1999 280 2038 Iterum
309 1998 484 2048 globulos
513 1998 612 2049 ipsos
640 2000 743 2040 valde
768 1998 961 2048 probabile
990 1999 1040 2037 est
1059 2025 1070 2043 ‚
1101 1997 1184 2036 alias
1216 1995 1404 2035 solidiores
1435 1996 1503 2036 esse
1534 2024 1546 2044 ‚
1574 1999 1670 2036 mol·
1724 2032 1728 2037 ,

855 2057 888 2096 R
916 2070 932 2096 r
991 2070 1008 2104 3
1561 2058 1669 2098 liores

138 2174 209 2209 (x)
244 2173 325 2204 Hinc
347 2182 505 2212 puerperae
527 2173 682 2213 pallidulae
694 2182 747 2212 per
760 2171 899 2211 corporis
919 2172 1116 2207 exercitium,
1131 2172 1279 2210 usumque
1294 2178 1466 2202 aromatum
1482 2175 1509 2203 S<
1535 2174 1666 2207 idoneo-

56 2224 124 2244 rum
147 2214 354 2244 remediorum
373 2214 564 2252 ‚legitimum
592 2217 736 2246 ruborem
760 2221 943 2254 recuperant
962 2233 970 2246 2
993 2225 1070 2253 aque
1097 2214 1128 2243 vi
1156 2214 1397 2244 nasturcium-um
1423 2214 1664 2249 medicaminum

64 2255 121 2285 xliae
148 2254 329 2286 cachecticae
351 2256 473 2285 feminae
493 2266 597 2294 parem
619 2257 651 2286 in
676 2257 782 2286 colore
805 2256 858 2285 suo
881 2256 1133 2287 emendationem
1160 2262 1291 2295 expertae
1310 2255 1384 2285 sunt.
1415 2255 1540 2288 Scnw
1554 2269 1568 2288 E
1582 2269 1663 2291 NKE

55 2307 83 2335 p.
110 2306 149 2331 94
195 2295 252 2326 Μι
268 2306 315 2326 EG
341 2298 374 2326 de
394 2298 482 2334 plant.
504 2297 655 2336 nasturcin.
687 2309 716 2336 p.
744 2309 794 2333 42.

139 2337 215 2373 (y)
242 2348 269 2375 P·
320 2349 368 2372 44·
387 2339 470 2375 seqq.

136 2378 487 2415 (z)8cawm1<ss
521 2389 551 2419 p.
580 2385 809 2419 38.171·17z.
