1968 2706
506 159 698 212 SECT.
743 168 780 211 Ι.
885 169 957 210 IN
1026 169 1439 212 uN1VERsuM.
1760 182 1776 218 ς

175 269 364 310 mittebat,
396 279 480 305 cum
509 266 704 317 parciffime
732 267 901 310 viveret,
934 267 969 303 δι
1000 267 1092 304 intra
1120 267 1309 306 biennium
1342 268 1517 315 nonagies
1553 265 1679 314 septies
1716 276 1782 301 ve-

177 340 261 366 nam
288 327 352 364 sibi
382 325 489 364 secari
521 324 635 374 paffus
671 322 834 376 est(r).
898 323 1098 370 Hominis,
1132 328 1194 375 qui
1228 325 1507 375 frequentissime
1546 335 1674 362 venam
1716 323 1781 360 sibi

177 387 339 429 secabat,
366 387 402 422 &
428 384 606 432 sanguinis
630 384 770 433 singula
799 386 876 422 vice
905 385 1052 433 trIginta
1077 386 1114 421 &
1147 385 1382 435 quadraginta
1412 384 1537 422 uncias
1570 382 1777 424 emittebat,

178 447 345 483 meminit
374 437 570 481 Henriczcs
609 444 654 481 de
683 442 850 482 HEERS
875 445 959 489 (5).
1041 442 1134 489 Quae
1179 451 1320 482 1020es
1366 446 1403 481 in
1436 454 1484 489 19
1521 444 1622 481 annis
1658 452 1786 478 venam

178 505 313 545 secuit,
350 503 399 539 ob
425 502 838 553 morbumuhystericum
854 531 862 546 ‚
891 515 931 540 ea
951 514 997 539 ex
1025 510 1240 552 erumpente
1264 516 1328 551 per
1352 510 1497 541 uterum
1525 501 1697 551 sanguine
1725 500 1788 537 de-

177 574 280 601 mum
309 562 387 598 sana
418 561 524 599 evasit
552 558 646 615 (t).
694 559 856 610 Virginis
881 562 927 600 de
960 561 1082 599 Pisana
1105 569 1218 613 gente
1248 562 1399 606 celebris
1432 562 1576 599 historia
1603 561 1676 609 est,
1704 571 1784 608 quae

180 622 284 659 omni
312 620 450 661 mense,
468 623 590 659 uncias
613 620 797 669 sanguinis
826 633 902 667 125
929 614 1042 659 amisit
1064 651 1073 664 ‚
1104 634 1223 671 neque
1248 616 1372 671 paucis
1401 622 1528 665 annis3
1558 619 1594 656 &
1611 621 1703 656 intra
1736 630 1787 663 14

180 680 322 718 menses
344 682 477 729 partim
506 681 649 718 alternis
676 680 801 718 diebus
819 709 828 723 ‚
863 681 899 717 ὃς
930 681 1061 729 partim
1092 680 1280 731 quotidie,
1310 692 1439 717 venam
1463 678 1527 715 fibi
1557 679 1671 715 secare
1697 676 1791 726 passa

182 741 231 778 est
250 737 335 789 (u).
380 738 456 776 Alia
485 739 661 776 librarum
692 740 872 787 sanguinis
897 738 997 776 mille
1023 740 1116 777 intra
1145 751 1280 777 annum
1314 737 1515 776 amissarum
1544 737 1691 774 historia
1730 747 1791 772 ex-

180 799 247 837 stat
273 798 393 848 (κ);
420 799 484 836 alia
510 797 824 836 haemorrhoidum
843 824 854 847 ,
872 811 937 848 per
959 810 1045 848 quas
1074 800 1162 837 totis
1187 799 1371 837 continuis
1400 805 1451 836 62
1488 796 1636 837 diebus,
1669 795 1792 844 quoti·

184 859 243 896 die
275 855 374 895 librae
393 857 574 907 sanguinis
604 859 765 909 quinque
795 860 981 907 perierunt
1008 856 1086 910 (y)
1114 872 1120 896 :
1154 858 1220 896 alia
1253 859 1421 906 juvenis,
1452 857 1515 906 qui
1543 857 1637 892 intra
1664 854 1794 902 decem

185 918 262 955 dies
284 916 464 964 sanguinis
499 917 606 954 libras
641 929 692 963 75
721 917 880 966 perdidit
904 914 925 969 (
946 928 970 956 z
991 913 1023 968 ).

271 974 434 1019 Verum,
465 971 655 1025 utcunque
682 975 745 1014 has
768 977 958 1014 immensas
983 977 1166 1026 sanguinis
1205 973 1348 1030 jasturas
1369 976 1634 1026 interpreteris,
1654 978 1795 1011 certum

187 1038 237 1075 est
271 1046 318 1073 ex
346 1035 529 1084 prioribus
547 1065 557 1079 ‚
581 1035 764 1083 sanguinis
789 1034 897 1072 libras
935 1047 1015 1073 non
1040 1048 1171 1084 paucas
1199 1049 1264 1085 per
1304 1037 1382 1075 vasa
1410 1036 1528 1074 nostra
1543 1031 1795 1072 circumfluere

186 1095 306 1134 Nimis
328 1106 455 1144 parcus
480 1095 531 1133 est
563 1081 798 1148 Theophilus
823 1093 920 1132 Lon
935 1106 955 1131 B
993 1093 1077 1145 (a)
1093 1119 1104 1141 ,
1136 1095 1200 1144 qui
1227 1094 1438 1143 sanguinem
1460 1095 1639 1132 decimam
1661 1091 1799 1128 sextam

187 1154 300 1192 totius
333 1153 500 1206 corporis
531 1154 681 1192 humani
714 1162 854 1207 partem
884 1165 1026 1204 aequare
1053 1152 1284 1203 persuadetur
1302 1182 1311 1197 ,
1337 1155 1444 1190 etiam
1469 1154 1613 1201 parcior
1632 1145 1801 1189 Richar-

189 1209 260 1252 dus
292 1213 481 1253 LowER
510 1212 624 1264 (b),
656 1216 719 1264 qui
749 1213 929 1252 decimam
960 1214 1135 1264 quintam.
1182 1212 1237 1251 Ex
1260 1224 1305 1250 eo
1341 1213 1440 1249 enim
1465 1210 1607 1249 calculo
1636 1211 1699 1247 vix
1740 1207 1803 1245 de-

191 1285 274 1312 cem
308 1274 346 1310 in
386 1274 511 1312 adulto
546 1273 700 1311 homine
729 1273 910 1323 sanguinis
941 1273 1040 1311 librae
1085 1273 1370 1310 continerentur.
1413 1269 1568 1320 Propius
1604 1270 1728 1318 utique
1758 1266 1804 1304 ad

191 1343 316 1370 verum
342 1340 403 1371 aut
426 1327 651 1385 Franczscur
693 1332 928 1379 Qussnm
964 1330 1103 1370 acceffit
1138 1328 1251 1381 (c),
1290 1333 1353 1381 qui
1393 1341 1446 1377 27
1483 1327 1591 1367 libras
1620 1326 1804 1376 sanguinis

192 1390 332 1429 admisit
351 1421 361 1435 ,
396 1399 457 1429 aut
486 1387 708 1430 Friderz'czcs
741 1391 1006 1428 HOFMANN
1035 1386 1127 1441 (d)
1144 1419 1154 1433 ‚
1191 1392 1256 1440 qui
1283 1388 1413 1439 viginti
1444 1390 1480 1427 ὃς
1506 1389 1589 1426 osto
1614 1415 1624 1430 ‚
1652 1397 1733 1436 quae
1753 1397 1805 1422 ra-
1853 1428 1856 1430 Ὗ

192 1449 245 1487 tio
261 1449 310 1486 est
329 1450 373 1486 ad
395 1449 622 1486 mediocrem
641 1448 802 1485 hominis
818 1447 956 1484 molem
971 1475 981 1490 ‚
1013 1454 1054 1485 ut
1082 1459 1098 1483 1
1125 1446 1170 1484 ad
1196 1459 1226 1493 5.
1272 1448 1369 1485 Nam
1393 1449 1580 1496 onoginta
1600 1446 1708 1483 libras
1724 1439 1804 1495 (e),

194 1514 343 1546 centum
364 1501 442 1559 (f)
479 1508 515 1544 &
554 1507 647 1544 ultra
689 1505 734 1542 de
771 1504 989 1543 humoribus
1020 1506 1057 1542 &
1083 1504 1195 1543 fluida
1225 1513 1325 1555 parte
1357 1507 1522 1555 corporis
1552 1505 1716 1542 universa
1744 1501 1805 1540 ad-

194 1567 339 1604 mittere
367 1565 475 1615 poffis
491 1593 500 1607 ,
534 1566 665 1601 nimias
691 1569 813 1600 tamen
837 1563 994 1606 futuras,
1022 1562 1047 1598 fi
1070 1563 1115 1599 de
1142 1575 1231 1600 vero
1252 1564 1425 1612 sanguine
1461 1564 1694 1602 sumerentur.

291 1623 424 1673 Neque
454 1622 747 1660 dissimulandum
770 1622 843 1665 est,
873 1622 990 1659 obiter
1022 1620 1099 1658 haec
1129 1621 1168 1658 &
1196 1634 1286 1670 vage
1319 1623 1471 1660 definiri.
1537 1621 1678 1661 Infinita
1709 1622 1807 1659 enim

196 1683 328 1732 procul
358 1681 473 1720 dubio
500 1684 539 1732 in
566 1683 706 1719 ratione
730 1679 913 1729 sanguinis
941 1681 987 1719 ad
1008 1678 1188 1729 reliquam
1212 1683 1377 1730 corporis
1397 1681 1534 1719 molem
1557 1682 1704 1718 varietas
1732 1679 1780 1716 est
1796 1709 1805 1719 .

199 1743 236 1779 &
263 1743 301 1780 in
327 1741 500 1783 similibus
529 1741 635 1779 unice
660 1739 874 1780 hominibus
902 1751 944 1780 ea
967 1740 1030 1782 lex
1051 1738 1192 1777 admitti
1214 1740 1333 1790 potest
1360 1736 1483 1794 (g),
1513 1752 1593 1791 quae
1627 1739 1809 1788 sanguinis

1040 1798 1070 1837 A
1118 1807 1137 1843 3
1667 1799 1813 1847 copiam

291 1917 348 1954 (r)
368 1917 485 1958 Histoir.
506 1917 596 1957 ge'ne'r.
619 1920 664 1950 des
692 1925 808 1956 voyages
841 1915 878 1949 L.
903 1912 978 1946 XII.

281 1959 346 1996 (ς)
368 1956 430 1998 Osis
453 1969 500 1993 27.

283 2000 345 2036 (t)
364 2001 468 2036 Journ.
489 2001 523 2028 de
540 2001 638 2030 medec.
676 2008 764 2039 1757.
786 1998 863 2030 Mai.

286 2041 352 2078 (u)
375 2039 449 2075 Ejus
470 2039 625 2070 historiam
656 2040 742 2071 dedit
767 2039 798 2070 P.
826 2041 902 2072 Ant.
928 2037 965 2069 M
976 2048 988 2069 r
1000 2049 1017 2069 c:
1029 2044 1104 2068 nn.
1115 2048 1134 2069 o
1147 2042 1172 2069 Τ
1184 2045 1208 2069 ¹1·
1221 2046 1245 2070 U
1259 2049 1283 2069 s.

284 2080 675 2119 (x)TnURN1315·2-R
701 2092 766 2111 vom
793 2083 866 2113 Urin
890 2079 926 2111 L.
948 2079 1004 2112 Vl.
1029 2090 1059 2119 p.
1088 2089 1135 2117 51.

285 2122 357 2160 (y)
384 2125 492 2153 Lettere
520 2123 548 2153 al
569 2123 610 2154 D.
633 2122 695 2154 Cu
710 2132 813 2154 Rzro
837 2132 867 2161 p.
891 2131 935 2161 34.
950 2130 999 2159 37.

285 2163 351 2200 (z)
373 2162 438 2193 Αὸἲ.
460 2165 550 2193 Eruci.
580 2162 654 2203 Lipfi
677 2173 745 2194 ann.
774 2168 861 2200 1698.

287 2204 353 2240 (a)
374 2202 420 2241 Of
436 2201 526 2241 severs
542 2214 572 2242 p.
602 2210 672 2238 278·

288 2246 349 2281 (b)
370 2247 415 2275 De
440 2245 520 2274 corde
543 2243 579 2275 C.
599 2244 651 2276 111.
673 2255 704 2284 p.
740 2253 808 2279 170.

290 2283 351 2320 (c)
373 2287 416 2315 De
435 2282 584 2323 lafizigne'e
605 2295 677 2316 nov.
701 2283 765 2314 edit
780 2296 809 2324 p.
823 2291 871 2318 46.
896 2293 943 2320 47.
967 2284 1142 2315 Humorum
1161 2283 1278 2313 molem
1301 2277 1380 2312 facit
1405 2287 1461 2310 120
1480 2278 1500 2310 Ι.

293 2323 310 2357 (
329 2324 374 2359 d)
394 2324 485 2364 Apud
508 2326 526 2355 S
540 2338 556 2357 c
570 2337 589 2356 Η
602 2337 681 2357 υιΖ
694 2336 711 2356 13
738 2325 769 2355 in
783 2326 954 2364 prejudicat.
982 2326 1101 2363 opinion.
1130 2327 1163 2354 de
1180 2335 1252 2356 venae
1263 2321 1330 2363 ,[ἓὲἳ.

291 2364 353 2401 (e)
375 2362 424 2394 De
441 2365 583 2402 sanguine
609 2367 886 2401 naumann
913 2366 1059 2405 phystolog·
1084 2377 1114 2405 P·
1138 2375 1162 2400 Ξ·

292 2403 358 2442 (f)
379 2405 483 2434 Κειῐ,
504 2417 533 2445 p.
564 2419 611 2444 39.

301 2445 364 2484 (g)
384 2445 621 2482 Sauvaczs
643 2459 673 2487 p.
696 2458 742 2484 14·
765 2448 797 2480 in
815 2446 899 2480 notis
917 2448 957 2480 ad
976 2447 1219 2480 Haemum·
