1968 2706
263 183 346 211 200
411 166 533 212 ΗΒ,
559 159 1315 213 νΙ.·8Ε·ΟΊῗ·Ι.-5-ΑΝ6ΠΙΝ15
1353 172 1462 214 PER
1494 174 1833 217 ARTER‘IAS‘

261 267 454 317 recipitur,
487 269 599 317 inque
625 273 822 306 exeuntem
848 269 1034 317 gurgitem
1061 269 1202 306 nitetur.
1242 267 1382 306 Verum
1404 268 1555 308 sufficiat
1583 272 1786 318 monuisse,
1820 285 1893 312 ara:

263 328 390 368 teriam
411 327 561 376 quidem
594 328 690 374 (m)
709 329 855 365 unicam
872 327 1048 375 ejusmodi
1065 328 1192 365 tubum
1224 326 1293 365 esl'e
1312 358 1321 372 ‚
1349 328 1372 365 fi
1392 340 1476 366 cum
1502 337 1600 367 aorta
1623 340 1867 379 comparetur.

264 385 451 424 Summam
473 397 560 423 vero
583 386 767 424 luminum
793 386 960 424 vasorum
989 388 1175 424 minorum
1191 415 1200 430 ‚
1222 387 1267 424 de
1292 399 1361 437 qua
1379 386 1549 436 quaeritur
1565 417 1574 432 ,
1606 388 1744 427 lumine
1762 401 1870 428 aortae
1891 418 1894 420 Α

263 444 504 496 ampliorem,
535 443 702 495 adeoque
740 446 901 483 canalem
924 447 1134 484 arteriolum
1161 446 1340 484 inversum
1362 446 1638 485 infundibulum
1652 446 1741 492 effe,
1768 449 1869 499 quod

263 516 328 553 per
354 500 537 552 angustius
562 505 694 542 ostium
718 517 849 556 aquam
876 506 1031 555 recipit,
1056 506 1091 542 &
1114 506 1246 542 emittit
1274 517 1339 554 per
1363 506 1528 555 amplius-

349 561 538 600 Subtiliter
570 564 660 602 alius
691 566 743 602 vir
779 564 861 611 (n)
894 565 983 602 olim
1017 564 1071 603 Cl.
1111 564 1291 613 impetum
1320 566 1502 612 sanguinis
1533 566 1571 603 in
1600 564 1683 603 vafis
1708 579 1726 604 a
1758 565 1895 604 corde-

263 622 522 660 remotioribus
547 623 640 660 adeo
670 635 745 661 non
775 624 893 660 minui
924 623 1053 661 docuit
1082 651 1091 666 ,
1120 631 1160 660 ut
1186 630 1378 672 augeretur
1397 652 1407 666 ,
1431 625 1543 674 inque
1571 623 1670 662 venis
1690 625 1870 675 denique,

264 693 372 730 quam
397 683 434 718 in
458 683 593 719 arteriis
613 684 728 730 nnjor
750 682 847 720 esset.
883 682 1048 731 Simplici
1067 684 1193 732 utique
1219 683 1387 720 utebatur
1408 684 1602 720 ratiocinio
1617 710 1627 730 ‚
1657 684 1869 733 sanguinem

263 739 398 777 arteriis
422 747 642 779 contentum
654 741 815 780 habebat
832 753 899 791 pro
929 753 1002 779 una
1029 741 1225 785 columna,
1254 741 1418 791 cylindro
1454 754 1488 780 v.
1523 754 1552 780 c.
1583 744 1685 790 cujus
1719 743 1804 781 basis
1831 746 1868 782 in

262 800 373 836 corde
392 828 401 843 ,
430 799 627 847 longitudo
659 813 677 838 a
707 801 818 839 corde
848 799 933 838 effet
964 801 1008 838 ad
1036 812 1153 838 venas.
1204 799 1292 837 Eam
1326 800 1538 839 columnam
1586 802 1705 839 datam
1734 803 1872 842 veloci-

261 864 371 896 tatem
401 870 419 895 a
443 859 556 896 corde
584 861 773 909 accipere,
804 861 984 908 majorem
1009 860 1102 897 adeo
1130 861 1310 908 impetum
1342 858 1463 902 nasci,
1511 858 1534 895 fi
1555 870 1601 898 -ea
1629 859 1802 898 velocitas
1830 864 1869 899 in

260 919 441 964 majorem
464 917 607 954 massam
640 919 801 958 ducatur.
847 918 988 957 Verum
1019 947 1028 961 ‚
1067 917 1128 956 etsi
1166 929 1248 954 vere
1276 918 1431 954 omnino
1462 918 1633 956 velocitas
1668 921 1705 955 in
1743 919 1893 958 lumen

259 976 361 1014 ducta
376 1003 387 1024 ‚
407 977 443 1013 in
472 977 572 1025 aquis
588 977 783 1016 fluentibus
800 980 979 1027 impetum
1003 977 1112 1020 facit,
1142 989 1218 1014 non
1242 982 1365 1015 tamen
1392 976 1587 1026 sequentur
1602 1006 1611 1020 ‚
1636 990 1722 1026 quoe·
1747 980 1869 1027 postu-

260 1035 310 1071 lat
338 1035 391 1073 Cl.
428 1034 644 1084 JualNus
661 1065 670 1080 ,
697 1036 723 1073 fi
748 1037 922 1077 velocitas
953 1036 1117 1085 sanguini
1152 1034 1318 1085 impressa
1344 1037 1385 1073 in
1416 1037 1546 1084 majori
1575 1038 1714 1074 ratione
1742 1037 1866 1076 decre-

258 1095 349 1130 verit
381 1120 392 1138 ‚
413 1133 415 1135 ,
436 1094 584 1142 quando
616 1095 762 1144 longius
786 1109 805 1135 a
833 1096 944 1135 corde
974 1095 1155 1135 receditur
1173 1124 1186 1140 ,
1233 1106 1342 1148 quam
1378 1095 1528 1145 quidem
1566 1095 1762 1144 longitudo
1797 1108 1891 1136 cozau

258 1152 390 1193 lumnae
420 1152 625 1202 sanguineae
652 1156 806 1198 increvit
841 1154 897 1203 (ο
917 1154 946 1201 ).

776 1277 815 1318 5.
860 1270 1054 1313 XXXIII.
1107 1267 1184 1312 Vis
1206 1267 1406 1326 ponderis.

354 1388 455 1428 Num
483 1390 628 1440 pondus
664 1390 845 1439 sanguinis
868 1389 1006 1439 aliquid
1043 1392 1080 1429 in
1106 1392 1258 1429 circuitu
1283 1390 1490 1439 adjuvando
1529 1399 1590 1430 aut
1624 1390 1860 1431 accelerando

259 1448 390 1497 possit,
418 1450 467 1487 est
492 1450 768 1499 dispiciendum.
800 1449 889 1487 Non
913 1449 1108 1488 defuerunt
1134 1450 1188 1489 Cl.
1219 1452 1285 1488 viri
1322 1445 1412 1504 (p)
1435 1477 1446 1496 ‚
1473 1452 1535 1501 qui
1566 1450 1775 1498 sanguinem
1803 1463 1866 1500 per

260 1510 480 1547 continuum
510 1510 718 1547 arteriarum
742 1520 989 1558 venarumque
1015 1511 1168 1552 tubum,
1198 1516 1369 1558 tanquam
1408 1522 1473 1559 per
1499 1510 1677 1547 bierurem
1708 1511 1869 1549 canalem

257 1565 369 1606 fluere
398 1567 597 1616 posuerunt
625 1580 631 1604 :
668 1568 754 1605 inde
780 1579 867 1606 vero
895 1567 1062 1617 sequetur
1090 1570 1217 1618 utique
1238 1595 1251 1612 ,
1284 1576 1324 1605 ut
1353 1571 1508 1617 gravitas
1533 1567 1713 1617 sanguinis
1735 1581 1799 1618 per
1816 1581 1870 1607 ar-

258 1628 362 1664 terias
390 1626 519 1675 delapfi
537 1656 546 1670 ,
577 1635 686 1674 cogat
710 1627 943 1675 sanguinem,
963 1627 1179 1669 adscendere
1195 1639 1261 1677 per
1284 1639 1413 1665 venam
1430 1639 1577 1672 cavam,
1598 1635 1768 1677 tanquam
1787 1641 1865 1667 crus

258 1686 411 1723 alterum
442 1684 582 1723 incurvi
612 1686 795 1734 sanguinei
827 1686 916 1723 tubi.

344 1744 434 1782 Non
461 1744 617 1782 alienum
646 1746 695 1782 est
719 1745 763 1782 ab
789 1745 1045 1795 experimento
1063 1772 1072 1786 ,
1101 1743 1279 1792 ponderis
1305 1743 1463 1792 aliquam
1501 1746 1538 1782 in
1578 1745 1748 1783 mutanda
1790 1745 1866 1782 san-

254 1804 375 1850 guinis
400 1803 580 1841 celeritate
595 1804 809 1852 potestatem
833 1803 909 1840 esse.
946 1799 1072 1839 Nemo
1089 1804 1232 1850 ignorat
1249 1827 1261 1850 ‚
1279 1802 1452 1841 venosum
1475 1804 1683 1851 sanguinem
1699 1831 1710 1849 ‚
1730 1806 1765 1841 &
1781 1816 1866 1843 cum

257 1873 302 1898 eo
328 1874 501 1911 vaporem
529 1862 733 1900 resorbtum
761 1888 773 1905 ,
806 1861 986 1900 difficilius
1011 1873 1029 1898 a
1058 1861 1209 1910 pedibus
1228 1861 1272 1899 ad
1290 1874 1355 1900 cor
1378 1863 1516 1905 redire,
1545 1863 1632 1900 hinc
1654 1865 1864 1906 oedeniata‚

256 1921 398 1959 collecti
416 1933 547 1969 nempe
563 1922 706 1970 vaporis
723 1921 888 1967 massam,
908 1918 1076 1958 omnium
1090 1921 1206 1969 prima
1224 1922 1260 1957 in
1272 1921 1427 1972 pedibus
1442 1923 1587 1970 reperiri
1605 1951 1614 1964 ‚
1634 1922 1717 1959 hinc
1731 1921 1864 1958 varices

257 1981 295 2016 in
326 1981 487 2018 cruribus
514 1980 634 2017 stantis
662 1981 856 2032 haruspicis
885 1979 1044 2017 subnasci
1070 1992 1078 2016 :
1116 1979 1201 2017 hinc
1234 1979 1389 2029 aquosos
1417 1987 1578 2018 tumores
1610 1981 1862 2018 decumbentis

259 2041 424 2088 corporis
451 2040 527 2077 solo
556 2039 619 2076 situ
649 2039 826 2090 diffipari,
857 2048 897 2076 ut
918 2038 1027 2087 pedes
1055 2049 1101 2075 ex
1129 2038 1311 2077 notiffima
1335 2039 1606 2082 observatione,
1649 2052 1714 2088 per
1744 2040 1864 2076 diurni

256 2096 340 2136 situs
367 2098 534 2142 effectum
560 2128 570 2142 ‚
603 2097 666 2136 sub
695 2099 841 2138 nostem
870 2095 1101 2139 tumidissima
1134 2096 1201 2136 fint
1230 2127 1241 2142 2
1277 2097 1451 2138 redeunte
1481 2109 1566 2136 vero
1598 2110 1706 2137 mane
1736 2098 1862 2135 eadem

1704 2157 1861 2204 surgenti
1888 2188 1889 2191 ,

335 2248 413 2285 (m)
440 2247 473 2278 L.
491 2246 535 2278 II.
560 2257 588 2286 p.
612 2252 661 2278 81„

337 2290 403 2325 (n)
429 2288 562 2325 JURIN
588 2289 624 2318 de
653 2288 739 2327 aquis
762 2288 924 2320 pluentibus
953 2299 983 2329 p,
1008 2299 1056 2326 40.
1088 2297 1151 2326 4²7.v

333 2333 375 2366 (o
391 2332 404 2366 )
428 2329 553 2362 Dudum
576 2335 683 2363 contra
704 2331 781 2361 hanc
797 2331 978 2370 hypothesin
997 2329 1075 2362 dixit
1101 2330 1222 2361 Thomas
1246 2328 1312 2361 M'o
1324 2340 1343 2361 a
1357 2339 1375 2360 e
1391 2339 1413 2361 A
1427 2340 1449 2360 N
1472 2329 1504 2361 in
1521 2328 1693 2370 philosbfhic.
1710 2328 1856 2366 principles
1885 2354 1887 2358 ,

252 2382 280 2409 Ρ-
309 2376 643 2450 ⁷51⁷>⁹J>D0minam
672 2412 699 2444 G
712 2424 735 2445 U
748 2423 785 2443 η
799 2423 814 2444 E
831 2425 846 2445 L
860 2424 888 2444 M
900 2423 910 2443 1
924 2424 940 2443 u
957 2424 980 2446 υ
997 2423 1007 2443 s
1027 2432 1036 2447 ‚
1065 2412 1090 2450 J.
1115 2411 1152 2443 G.
1177 2413 1235 2444 KR
1248 2423 1272 2444 U
1286 2423 1303 2445 G
1320 2424 1336 2445 Β
1351 2423 1373 2445 R
1398 2413 1545 2453 pbpstolog.
1573 2422 1602 2443 n.
1626 2421 1690 2447 104·
1706 2440 1711 2445 ,
