1968 2706
551 170 793 212 MOTUS
853 165 1258 212 LATERALIS
1610 184 1743 223 *351⁷

85 281 176 309 nem
201 268 403 316 adgnovit,
435 278 520 305 cum
542 270 694 317 parietes
726 279 846 317 neque
873 265 1114 315 contingant,
1142 279 1262 317 neque
1294 265 1387 305 adeo
1414 264 1566 306 irritent.
1609 267 1694 307 Exi-

84 340 198 378 guam
220 356 229 371 ,
265 329 546 376 minoremque,
579 339 687 377 quam
713 327 919 364 arteriarum
941 355 950 369 ‚
974 338 1052 363 non
1081 327 1217 375 rejecit?
1237 325 1292 364 Fr.
1325 326 1494 366 B01ssr
1511 339 1565 365 aa
1593 325 1689 377 (i),

80 387 210 436 obque
233 387 308 434 ejus
335 387 550 435 parvitatem
574 387 681 423 etiam
712 385 864 434 parietes
890 384 1085 424 debiliores
1110 384 1179 424 effe
1200 382 1404 424 observavit
1429 383 1527 435 (k).
1564 386 1689 424 Ratio-

77 457 165 484 nem
179 446 312 496 procul
333 445 446 483 dubio
461 444 515 483 Cl.
544 447 610 482 viri
626 446 664 482 in
680 443 824 482 dilatata
839 446 1020 481 continuo
1040 456 1140 482 venae
1158 444 1336 483 diametro
1360 445 1598 495 quaefiverunt
1618 440 1681 494 (l),

595 611 600 612 ⁷
651 569 688 610 §-
721 561 775 602 ΙΙ.
841 556 1117 614 Confirmarur.

163 679 236 718 Sed
265 680 371 718 facile
402 682 670 721 demonstratur
695 710 704 724 ‚
737 681 773 717 in
799 681 899 718 venis
926 681 1082 717 omnino
1108 678 1327 731 preffionem
1353 680 1536 718 lateralem
1567 680 1685 719 nihilo

73 739 326 777 obscuriorem
354 740 421 779 effe
438 771 447 785 ‚
479 755 589 792 quam
620 742 657 778 iu
689 740 822 777 arteriis
840 768 849 781 ‚
879 739 1105 788 perindeque
1132 738 1369 777 debilioribus
1395 741 1614 779 membranis
1628 752 1687 777 ve·

77 798 174 836 nolis
216 799 421 848 adaptatam
460 827 472 849 ‚
520 808 561 845 ut
597 799 764 838 arteriola
801 798 860 835 illa
893 798 937 834 ad
976 798 1144 835 robustos
1176 799 1388 836 arteriarum
1420 799 1575 838 canales.
1632 799 1684 836 Si-

16 874 19 876 >
74 857 224 907 quidem
250 858 433 898 columnae
463 860 645 909 sanguinis
678 856 802 896 venosl
830 858 1010 909 continuo
1036 857 1075 894 in
1102 857 1348 905 angustiorem
1365 857 1526 895 canalem
1552 859 1688 908 stipan-

71 921 132 953 tur
161 916 260 965 (m)
285 946 295 960 ,
327 924 436 968 atque
477 919 570 957 adeo
600 918 720 967 plures
750 916 993 964 globulorum
1026 915 1173 953 ordines
1200 917 1237 952 in
1269 916 1421 964 parietes
1436 914 1628 960 nituntur,
1649 917 1687 953 δε

74 984 245 1024 praeterea
274 978 326 1014 uti
354 984 475 1016 motus
507 976 748 1027 progreffivus
773 976 894 1012 minor
919 1003 930 1018 ‚
963 976 1011 1013 ita
1036 974 1189 1012 lateralis
1218 974 1348 1026 preffio
1370 976 1486 1023 major
1509 976 1559 1013 est
1592 976 1686 1024 (η).

73 1034 146 1072 Sed
182 1038 291 1073 etiam
318 1036 547 1075 dilatationes
580 1047 752 1074 venarum
791 1033 984 1083 ligatarum
1011 1062 1022 1077 ,
1054 1045 1165 1083 quam
1201 1036 1410 1072 arteriarum
1438 1035 1685 1073 evidentiores

72 1093 154 1132 sunt
176 1094 267 1142 (ο)
286 1123 296 1138 ,
339 1102 379 1133 ut
400 1097 440 1132 in
464 1108 554 1134 vena
581 1095 739 1143 jugulari
768 1093 921 1143 aliisque
942 1091 1123 1142 l'aepiffime
1152 1093 1225 1130 vidi
1243 1119 1254 1138 ,
1274 1105 1324 1130 eae
1343 1104 1428 1130 vero
1457 1094 1687 1132 dilatationes

72 1153 290 1202 preffionem
319 1153 503 1192 lateralem
531 1156 741 1192 metiuntur.
774 1153 988 1190 Constantes
1003 1153 1112 1188 etiam
1137 1164 1310 1190 venarum
1337 1159 1499 1190 tumores
1516 1154 1686 1204 frequen-

73 1213 184 1250 tiores
211 1215 439 1261 reperiuntur
468 1213 585 1266 (P),
614 1215 648 1250 ὃς
675 1213 864 1260 ruptiones
894 1223 913 1248 a
942 1212 1058 1259 parvis
1089 1210 1197 1247 caulis
1224 1213 1378 1250 minime
1398 1224 1480 1250 rarae
1498 1213 1576 1250 sunt
1606 1214 1682 1266 (q).

72 1270 238 1309 Demum
267 1273 305 1309 in
325 1283 427 1310 venae
455 1272 611 1311 seffione
633 1299 642 1316 ‚
673 1271 835 1308 celeritas
853 1281 947 1307 nova
967 1298 976 1311 ,
1001 1281 1071 1319 qua
1097 1270 1237 1318 sanguis
1254 1282 1317 1321 per
1341 1270 1471 1308 vulnus
1491 1274 1651 1322 erumpit
1672 1298 1685 1317 ‚

75 1331 264 1368 manifesto
293 1344 372 1368 eam
406 1331 624 1381 preffionem
655 1330 885 1367 demonstrat.
949 1328 1039 1367 Non
1074 1330 1173 1367 enim
1203 1341 1297 1367 nova
1331 1330 1452 1380 aliqua
1485 1331 1586 1368 causa
1621 1344 1686 1380 per

38 1407 41 1408 ⁷
74 1390 204 1427 vulnus
233 1392 386 1428 nascitur
404 1420 414 1434 ,
444 1403 524 1440 quae
554 1392 765 1439 sanguinem
791 1390 830 1425 in
861 1400 938 1425 eam
969 1387 1089 1425 sedem
1115 1395 1269 1437 urgeat,
1300 1389 1336 1425 &
1368 1388 1476 1427 unice
1502 1389 1684 1438 sanguinis

73 1450 331 1487 circumeuntis
356 1450 532 1488 celeritati
549 1451 693 1488 additur
722 1447 908 1496 preffionis
935 1447 1113 1495 parietum
1131 1448 1353 1496 venosorum
1384 1450 1525 1497 integer
1552 1447 1686 1499 &ple-

73 1518 141 1544 nus
164 1520 263 1546 nunc
291 1508 433 1546 effeetus
451 1536 462 1553 ‚
496 1522 604 1559 quem
634 1507 772 1545 dudum
800 1509 836 1543 in
866 1505 1009 1548 sedem,
1039 1517 1156 1557 nuper
1180 1507 1351 1550 incisam,
1371 1515 1459 1545 tunc
1491 1520 1574 1545 vero
1591 1509 1684 1544 inte-

73 1578 174 1614 gram
193 1593 204 1612 ,
227 1569 418 1605 exercebat
436 1597 445 1610 ‚
466 1568 524 1605 sed
541 1580 650 1617 quem
668 1567 847 1614 sanguinis
870 1564 1061 1602 relistentia
1083 1576 1158 1602 non
1176 1564 1313 1607 sinebat
1325 1566 1504 1616 adparere.
1542 1566 1685 1604 Verum

73 1624 97 1660 fi
127 1625 252 1664 venofi
274 1628 426 1675 parietes
448 1636 576 1665 contra
605 1628 817 1674 sanguinem
837 1625 1051 1673 premebant
1071 1652 1081 1665 ‚
1099 1631 1240 1661 certum
1266 1624 1313 1662 est
1330 1625 1541 1674 sanguinem
1557 1634 1686 1664 contra

74 1684 170 1732 ipsos
199 1684 376 1734 pressiffe:
396 1685 459 1722 nifi
488 1687 584 1723 enim
611 1684 779 1735 preffiffet
797 1710 809 1728 ,
838 1682 991 1733 parietes
1011 1683 1173 1720 canalem
1199 1695 1239 1721 ea
1255 1684 1327 1732 ipsa
1354 1685 1411 1723 sua
1433 1687 1467 1722 vi
1492 1684 1684 1734 arc‘tailent.

73 1740 168 1780 Eum
195 1756 281 1781 vero
307 1744 475 1782 effeetum
508 1745 597 1788 esse,
617 1746 652 1782 ἃ
683 1744 902 1781 celeritatem
931 1742 1112 1789 sanguinis
1133 1753 1197 1792 per
1221 1743 1352 1780 vulnus
1375 1757 1394 1782 a
1419 1743 1597 1795 preffione
1626 1757 1685 1781 va·

73 1801 196 1839 sorum
220 1805 449 1850 integrorum
471 1806 594 1852 augeri
614 1830 626 1848 ,
656 1805 691 1840 ἃ
712 1815 790 1840 mea
817 1803 1065 1851 experimenta
1094 1802 1269 1839 evincunt
1293 1831 1303 1846 ,
1334 1803 1370 1840 ἃ
1397 1802 1554 1841 aliorum
1571 1804 1690 1841 claro-

75 1871 155 1898 rum
179 1862 342 1899 virorum
371 1860 446 1911 (r)
464 1888 476 1907 ‚
507 1875 627 1912 neque
655 1863 716 1899 hic
744 1860 888 1910 possum
909 1872 996 1899 cum
1019 1857 1215 1898 illustribus
1232 1862 1315 1900 viris
1331 1861 1460 1900 sentire
1476 1890 1486 1907 ‚
1507 1863 1569 1913 qui
1596 1874 1690 1901 non-

158 1974 223 2010 (i)
251 1975 345 2006 Mem.
370 1975 402 2005 de
422 1976 539 2007 l'Acmtd
561 1977 594 2005 de
616 1976 717 2006 Berlin
742 1973 784 2006 T.
810 1972 863 2005 XL
888 1984 917 2013 p.
943 1983 990 2009 50.

158 2056 216 2093 (l)
240 2038 346 2087 Hinc
339 2058 372 2088 in
398 2058 472 2088 vass
501 2066 586 2095 aeque
609 2057 678 2088 latis
700 2075 708 2090 ‚
736 2061 770 2086 ut
805 2053 885 2086 radii
907 2074 915 2087 ,
943 2055 1126 2093 mei-{ionem
1151 2057 1311 2088 lateralem
1336 2056 1441 2088 locum
1465 2058 1576 2088 labere
1600 2075 1608 2089 7
1632 2057 1686 2087 ad-

76 2098 175 2128 mittit
201 2097 247 2127 (Li
280 2098 360 2129 Bor
350 2108 385 2128 s
402 2109 494 2129 erR
518 2100 536 2128 l.
563 2109 587 2130 c.
611 2110 640 2137 p.
668 2108 712 2134 50.
737 2097 856 2127 Vemm
881 2097 1205 2136 ‹›ste11dinusp.340
1218 2108 1323 2130 onmes
1343 2098 1505 2130 venaseffe
1523 2098 1682 2135 eutimii

77 2139 197 2170 Duc'tus
221 2140 286 2168 tho
289 2141 397 2170 aciens
413 2161 420 2172 ,
445 2140 648 2178 cylindricus
680 2138 855 2168 irrtrimesrit
879 2139 976 2170 Mor
989 2149 1041 2170 Ro
1057 2150 1076 2170 ο
1108 2140 1141 2169 de
1159 2141 1204 2177 hy
1204 2141 1278 2178 (rope
1303 2152 1402 2180 p.17
1432 2146 1475 2172 18.
1497 2144 1552 2172 &cu
1579 2144 1605 2171 ὃ
1617 2151 1668 2170 ur··

79 2188 126 2212 ter
151 2181 320 2210 obstructus
352 2181 551 2212 HeuRier
576 2184 609 2211 ale
632 2177 739 2219 dyst-gs
756 2178 869 2218 mstſtrzt

162 2221 243 2255 (m
235 2223 248 2245 Ὗ
274 2232 302 2259 3).
329 2231 395 2259 323.

163 2264 272 2300 (ηρ
298 2271 364 2298 2.33
379 2263 514 2300 JONES
544 2264 577 2292 de
605 2269 672 2292 mot.
690 2259 809 2301 mudum,

161 2305 233 2337 (o)
256 2302 290 2332 L.
315 2302 353 2333 H.
375 2315 402 2342 p.
433 2310 500 2334 128

164 2344 241 2382 (p)
263 2343 297 2373 lb
312 2343 341 2373 d.
366 2348 393 2375 3<
415 2356 443 2384 p.
469 2353 535 2381 340,

158 2387 229 2424 (q)
251 2396 282 2424 p
311 2394 344 2414 12
350 2398 378 2420 9

159 2427 227 2465 (r)
249 2427 325 2459 Ant
348 2427 383 2458 de
408 2426 556 2459 HEYDE
580 2439 608 2468 p.
636 2437 661 2459 z.
685 2437 712 2465 4.
740 2421 886 2460 Hares
928 2441 955 2469 p
990 2438 1054 2470 165
1076 2432 1121 2462 Sp
1110 2442 1165 2464 nv
1179 2442 1244 2462 rt!
1245 2434 1363 2464 ped
1383 2433 1521 2469 Malim
1543 2439 1571 2460 st.
1597 2438 1685 2463 uxr.
