1968 2706
344 185 485 230 {CT
523 184 616 230 IV.
669 184 955 230 PARTIUM
1004 184 1390 229 PROPORTIO
1438 192 1509 231 &ej
1636 207 1713 242 ¹49

96 290 259 323 naturam
305 286 340 323 &
383 285 540 335 pericula
576 285 793 324 morborum
834 283 960 321 rectius
994 281 1144 322 credun-t
1170 283 1347 334 praesagiri
1373 285 1494 338 posse,
1520 298 1629 337 quam
1670 301 1717 327 ex

95 345 199 391 pulsu
232 345 354 382 aliisve
390 344 495 393 lignis
520 345 632 394 vulgo
656 344 829 393 receptis,
853 343 985 382 merito
1014 343 1190 381 monendi
1216 343 1295 382 sunt
1316 372 1325 388 ,
1362 355 1408 382 ne
1441 343 1549 384 nimis
1582 346 1645 384 fibi
1669 344 1708 385 in

95 401 148 440 his
188 404 373 452 principiis
399 405 562 455 placeant
592 404 642 452 (t
661 399 686 452 >

419 525 454 566 5.
497 519 626 559 VIII.
673 512 927 558 Globzclorum
960 499 1167 557 mebrorum
1202 515 1364 559 utilitas.

178 637 280 683 Quid
305 649 459 688 quaeque
490 631 670 686 sanguinis
698 639 823 689 portio
851 638 1001 688 corpori
1029 637 1189 675 animato
1217 637 1308 676 boni
1335 639 1473 687 praestet
1494 668 1503 683 ,
1534 639 1699 691 sequitur

90 703 130 734 ut
168 698 407 746 exquiramus.
454 696 706 735 Globulorum
720 698 853 735 utilitas
880 697 1018 735 diverso
1038 696 1154 734 modo
1172 696 1262 734 sumi
1288 698 1406 746 potest
1429 708 1438 736 :
1460 700 1511 736 uti
1534 700 1590 737 vel
1610 699 1698 736 den-

96 755 233 794 sitatem
259 756 423 805 sanguini
447 758 662 806 impertiunt
690 751 707 799 ‚'
733 756 790 793 vel
817 757 1013 794 rotundam
1043 755 1196 804 figuram
1227 754 1289 793 fibi
1325 759 1512 806 propriam
1546 770 1696 806 accepe-

91 823 175 852 runt
204 845 214 858 ,
244 823 306 852 aut
334 816 418 853 ferri
447 815 639 865 participes
671 815 759 852 sunt.
804 814 945 865 Absque
980 814 1154 853 densitate
1185 814 1367 863 sanguinis
1396 815 1499 853 firma
1519 817 1691 854 valetudo

90 873 278 911 consistere
302 875 432 923 nequit
456 871 557 924 (u).
598 874 715 911 Facile
734 874 951 922 intelligitur
976 904 986 917 ‚
1014 886 1060 911 ex
1095 872 1252 911 densiori
1279 874 1387 912 succo
1417 874 1622 913 densiorem
1655 877 1693 912 Sc

88 932 279 970 fortiorem
302 932 428 970 fibram
454 934 646 981 generari:
673 933 776 970 facile
817 934 1033 982 intelligitur
1055 958 1067 978 ⁹
1090 932 1294 972 densiorem
1321 933 1531 982 sanguinem
1560 936 1691 981 majori

86 1002 171 1028 cum
197 992 331 1029 robore
359 1005 378 1029 a
406 992 515 1029 corde
541 991 726 1041 propelli,
745 992 780 1028 &
803 994 1005 1031 maeandros
1033 992 1260 1030 vasculorum
1290 993 1531 1031 minimorum
1559 993 1690 1032 melius

84 1049 265 1101 superari,
293 1062 377 1088 cum
400 1063 491 1100 aqua
520 1050 604 1089 vasis
633 1051 861 1100 capillaribus
893 1051 1140 1089 distendendis
1166 1062 1243 1088 non
1267 1050 1440 1100 sufficiat,
1459 1060 1500 1090 ut
1525 1053 1681 1090 omnino

83 1121 122 1147 ea
150 1111 281 1148 collabi
302 1110 441 1148 neceffe
458 1109 528 1154 fit,
549 1122 659 1159 quam
691 1110 850 1159 primum
877 1122 896 1148 3
919 1110 992 1148 sola
1018 1122 1108 1160 aqua
1134 1110 1319 1160 replentur
1331 1105 1416 1164 (x).
1442 1111 1478 1148 Si
1503 1112 1684 1150 cadaveris

82 1169 157 1206 vasa
181 1169 265 1208 sebo
285 1168 420 1219 repleta
434 1196 445 1215 ‚
482 1170 517 1206 ὃς
536 1170 603 1208 3113
634 1169 886 1207 terebinthinae
909 1169 995 1207 oleo
1029 1169 1173 1218 turgida
1187 1198 1196 1212 ‚
1226 1171 1491 1220 comparaveris
1507 1198 1518 1214 ‚
1535 1183 1615 1220 quae
1631 1173 1691 1208 ea·-¹

83 1227 169 1264 dem
197 1230 232 1265 vi
261 1229 395 1278 repleta
415 1229 560 1267 fuerunt
577 1257 586 1271 ‚
617 1228 814 1279 cylindrica
842 1228 904 1266 1113
929 1229 1085 1278 reperies
1101 1254 1112 1275 ‚
1135 1228 1212 1266 haec
1232 1228 1339 1277 plana
1355 1257 1364 1271 ‚
1389 1236 1429 1266 ut
1444 1231 1518 1266 vim
1543 1230 1681 1267 disten·-

82 1287 232 1325 dentem
259 1287 332 1324 sebi
363 1300 446 1325 cum
479 1288 646 1336 cylindro
675 1314 686 1335 ‚
728 1289 802 1325 vim
826 1286 1090 1327 distendentem
1118 1288 1191 1324 olei
1217 1300 1302 1325 cum
1332 1288 1444 1338 plano
1472 1300 1685 1338 comparare

82 1357 201 1394 queas.
253 1345 382 1384 Solum
411 1346 650 1385 denfiffimum
668 1356 857 1396 argentum
877 1348 1000 1384 vivum
1020 1347 1192 1385 anfraerus
1214 1347 1472 1396 epididymidis
1502 1348 1645 1396 superat
1669 1376 1680 1390 ,

80 1405 251 1455 viamque
281 1407 318 1443 in
345 1406 468 1445 testem
506 1408 688 1444 internum
717 1405 782 1443 fibi
819 1407 934 1455 aperit
970 1419 977 1442 :
1012 1418 1105 1455 aqua
1137 1406 1242 1444 aliive
1290 1405 1452 1456 liquores
1483 1407 1585 1445 nulla
1610 1406 1646 1443 vi
1671 1431 1684 1452 ‚

79 1475 161 1512 quae
190 1476 292 1515 aeque
310 1464 418 1502 fortis
446 1465 487 1502 fit
504 1477 544 1503 30
567 1466 627 1504 1113
643 1494 653 1509 ,
682 1477 761 1515 quae
777 1466 997 1503 mercurium
1020 1464 1203 1514 impellit,
1229 1476 1273 1501 eo
1291 1464 1437 1513 possunt
1452 1467 1681 1514 promoveri.

77 1521 224 1572 Nempe
248 1523 374 1561 eadem
395 1524 532 1573 semper
554 1523 588 1561 vi
606 1525 725 1563 cordis
753 1524 870 1576 posita
890 1553 899 1567 ,
930 1531 1168 1563 momentum
1189 1523 1373 1572 sanguinis
1398 1535 1482 1562 cum
1501 1526 1575 1572 eius
1594 1524 1682 1562 den-

78 1580 178 1618 fitate
203 1583 338 1620 crescit.
383 1583 570 1621 Creditum
601 1584 671 1626 est,
704 1585 811 1620 etiam
840 1581 921 1632 (y)
947 1595 1012 1620 cor
1041 1583 1172 1621 melius
1192 1595 1211 1619 a
1235 1583 1390 1621 densiori
1424 1582 1596 1631 sanguine
1622 1583 1680 1621 sti.

77 1634 226 1683 mulari,
253 1653 337 1679 cum
351 1642 480 1693 procul
499 1641 610 1679 dubio
629 1642 725 1679 fibrae
748 1641 868 1680 cordis
887 1644 1034 1681 internae
1062 1642 1276 1690 profundius
1297 1655 1314 1679 3
1333 1641 1587 1691 ponderosiori
1603 1641 1678 1679 san-

36 1716 42 1722 ·
75 1700 188 1747 guine
213 1708 474 1745 emoveantur‚
511 1701 546 1738 81
565 1703 661 1738 canis
683 1701 857 1752 dispereat
877 1702 893 1744 (
911 1701 968 1747 z)
988 1730 998 1744 ‚
1027 1700 1176 1750 quando
1197 1701 1240 1737 ab
1256 1701 1406 1750 impulsa
1423 1713 1513 1752 aqua
1534 1699 1676 1750 sanguis

75 1770 177 1795 nunc
194 1759 300 1796 valde
317 1759 476 1798 diluitur.
531 1759 750 1798 Monuimus
772 1758 830 1810 (a
848 1755 869 1811 )
890 1760 1023 1809 quider
1016 1772 1039 1796 1
1061 1760 1143 1796 alias
1158 1771 1313 1809 aquam,
1333 1761 1395 1797 &
1385 1773 1481 1810 impr
1466 1761 1569 1797 imis
1590 1760 1678 1797 levi-

75 1817 215 1854 ssimum
237 1831 357 1856 aerem
385 1831 484 1862 ,cor
510 1818 748 1858 efficaciffime
776 1819 820 1856 ad
855 1826 999 1856 motum
1026 1818 1244 1857 stimulare:
1273 1819 1406 1857 deinde
1453 1831 1519 1857 cor
1560 1819 1678 1856 vehe-

74 1883 216 1914 menter
240 1879 391 1925 agitari,
431 1880 467 1916 Sc
498 1881 665 1916 omnium
693 1880 852 1915 maxima
874 1878 1036 1915 irritabili
1068 1879 1101 1914 vi
1131 1878 1299 1926 pollere,
1333 1879 1480 1927 quando
1506 1878 1676 1915 nondum

74 1936 277 1985 quidquam
305 1937 405 1973 rubri
438 1937 586 1986 adparet
613 1933 672 1985 (b
694 1936 717 1987 ).
756 1936 845 1975 Non
878 1938 963 1975 ideo
987 1937 1264 1985 repugnaverim
1279 1964 1288 1978 ,
1308 1936 1521 1985 sanguinem
1542 1936 1675 1975 melius

73 2005 182 2043 quam
203 2007 294 2045 aqua
328 1992 454 2047 (c),
488 2008 552 2034 cor
579 1998 713 2035 irritare
736 2022 748 2045 ‚
780 1996 958 2047 siquidem
984 2008 1069 2034 cum
1100 2008 1192 2046 aqua
1215 2023 1225 2038 ‚
1264 1997 1302 2033 Sc
1330 1996 1466 2046 aquoso
1498 1996 1674 2044 sanguine

1024 2055 1057 2094 T
1103 2064 1120 2099 3
1612 2056 1665 2092 vis

155 2111 216 2144 (t)
246 2109 282 2140 G.
319 2109 511 2142 (Iamne
544 2121 604 2140 cur.
633 2109 667 2147 of
686 2109 775 2150 dificit.
796 2121 824 2149 p.
851 2120 918 2145 141.

154 2153 222 2187 (n)
247 2151 518 2183 '‘SOERHAAVE
545 2150 681 2191 plurimis
701 2153 786 2183 locis.
811 2151 846 2182 C.
869 2152 1088 2181 HOFMANN
1112 2150 1233 2190 111,ἳὶιί11.
1264 2161 1294 2190 p.
1315 2162 1367 2186 29-
1392 2151 1548 2182 Saxae.
1573 2149 1616 2183 T.
1631 2150 1670 2182 II.

137 2204 218 2270 ix)
243 2233 302 2265 HA
316 2244 333 2263 L
348 2245 364 2264 1-3
378 2245 388 2263 s
412 2233 722 2280 haemastat.p.145.
1464 2272 1469 2277 .

72 2313 101 2345 T
155 2279 202 2343 (ΊῙ
251 2274 277 2305 Α
299 2276 474 2347 lolozrubro
497 2276 642 2316 ranguiue
665 2277 693 2307 H
705 2284 789 2308 aaz
804 2286 821 2306 Ε
836 2285 846 2305 1
872 2276 938 2314 :seg
942 2286 961 2296 ·
966 2286 1010 2304 -.›·.
1033 2286 1062 2314 p.
1088 2284 1132 2313 51.
1147 2273 1173 2304 A
1190 2274 1367 2312 ponderoso
1398 2273 1506 2303 melius
1532 2271 1671 2304 SENAG

105 2324 165 2345 om.
258 2326 288 2354 p.
324 2327 357 2349 17

214 2277 226 2308 )

205 2314 336 2391 >ῘΗΔΙ
349 2367 389 2387 Es
408 2367 439 2396 p.
459 2365 526 2392 115.
554 2357 640 2389 ENS
664 2360 697 2389 de
731 2369 762 2388 ccv
756 2357 814 2398 ,ἶιιμ
837 2364 917 2388 matt:
920 2366 1015 2386 nco)
1019 2358 1050 2386 tis
1071 2357 1191 2386 altemu
1195 2367 1214 2385 11
1234 2363 1261 2393 [11
1253 2356 1339 2384 oda
1341 2361 1402 2384 mre
1421 2363 1451 2385 1
1477 2365 1527 2389 47.

157 2398 226 2516 ³}
245 2397 363 2513 {bvcllyf
376 2402 503 2471 01114ἱὲ
518 2439 562 2471 II.
586 2450 616 2480 p.
640 2447 707 2480 353.
728 2440 811 2473 conf.
833 2438 876 2471 T.
904 2435 947 2468 ΙΙ.
975 2448 1006 2477 p.
1037 2448 1103 2476 105,
1132 2448 1212 2468 mem.
1229 2434 1284 2475 sur
1302 2437 1324 2466 le
1341 2436 1444 2475 poulet.

288 2491 297 2511 1
