1968 2706
412 160 930 208 DIVERSITATIS
991 159 1365 201 HUMORUM.
1618 171 1701 209 455

89 266 252 307 miculati
281 263 452 303 folliculo
469 293 478 308 ,
502 265 542 300 in
570 259 713 301 cellulis
739 259 893 298 extremi
929 257 1093 295 intestini
1117 257 1227 301 recti,
1255 266 1382 293 mucus
1408 254 1616 304 colligitur,
1635 255 1702 306 qui

89 326 275 377 loquefflae
308 325 574 374 deglutitioni,
611 320 817 360 excretioni
844 325 1168 357 excrementorum
1205 315 1440 365 adjuvandae,
1464 316 1527 353 sub
1561 327 1599 354 ea
1628 328 1702 354 ma-

88 388 190 428 xime
222 394 388 439 tempora
422 385 568 422 uberior
593 382 770 431 suppetat.

176 447 254 485 Alia
279 445 341 485 sed
367 443 494 484 adfinis
519 445 678 484 iterum,
707 438 963 479 folliculorum
981 412 1114 476 utilitas
1142 436 1221 479 est,
1237 434 1380 474 faetidos
1404 432 1658 484 sensibusque
1649 446 1702 472 in-

89 514 214 557 gratos
239 505 422 543 humores
441 503 581 551 aliquos
612 501 816 543 reservare,
842 511 887 537 ne
912 504 1040 548 praeter
1067 496 1294 536 voluntatem
1314 496 1493 547 perpetim
1519 493 1700 539 defluant,

91 565 294 631 corpusque
322 562 421 600 civili
457 564 536 598 vitaz
574 561 791 598 destinatum
821 559 1027 608 inquinent.
1080 555 1135 594 Ita
1166 558 1267 594 urina
1299 557 1336 594 in
1369 553 1478 591 veliet
1522 554 1670 605 propria
1690 582 1702 598 ‚

90 627 139 663 ita
167 626 203 661 in
231 624 318 660 laxis
346 620 521 659 intestinis
544 620 617 658 faex
646 619 793 662 alvina,
824 619 873 656 ita
896 620 934 656 in
964 617 1109 656 naribus
1140 627 1292 675 mucus,
1328 618 1440 666 inque
1470 613 1538 651 suis
1569 611 1703 650 vesicu-

84 683 183 723 :culis
211 683 332 720 semen
356 682 542 719 retinetur.

470 805 503 846 s.
542 795 718 839 XXII.
768 791 823 836 Ut
842 788 1045 847 folliculus
1082 800 1306 832 evacuetur.

181 919 296 958 Etiam
321 919 359 958 id
390 919 482 958 boni
511 918 708 957 adservatio
738 916 906 956 humoris
935 914 1022 952 facit
1043 857 1121 956 ‚lut
1148 915 1347 952 acrimonia
1380 912 1463 958 sua,
1498 916 1535 953 &
1570 918 1703 966 copia,

87 981 368 1030 ‘receptaculum
393 980 497 1018 suum
525 982 713 1028 potentius
737 979 851 1015 irritet
876 1004 887 1019 ,
924 974 1090 1024 viresque
1129 972 1221 1011 adeo
1270 982 1484 1012 evacuantes
1521 975 1701 1014 sollicitet.

93 1038 146 1077 Ita
176 1041 386 1082 obtinetur,
415 1047 458 1076 ut
495 1051 614 1089 neque
644 1040 739 1077 ultra
765 1044 886 1089 aptam
922 1043 1056 1074 naturae
1091 1030 1223 1071 finibus
1257 1035 1426 1083 copiam,
1460 1047 1580 1085 neq-ie
1611 1035 1705 1074 ultra

94 1098 286 1136 definitum
303 1100 509 1136 acrimoniae
523 1099 679 1147 gradum
699 1100 874 1135 humores
889 1096 1001 1133 nostri
1029 1093 1220 1140 reservari,
1245 1106 1364 1142 neque
1394 1096 1474 1132 vitae
1495 1095 1705 1133 commodis

95 1157 215 1196 obesse
242 1158 376 1207 possint
391 1167 529 1207 ,utque
556 1158 706 1195 demum
727 1157 772 1196 ad
790 1156 963 1194 destinata
978 1155 1059 1191 loca
1080 1153 1232 1203 quisque
1258 1153 1392 1192 humor
1408 1156 1537 1193 veniat.
1581 1153 1706 1200 Quam

95 1218 342 1268 insuperabilis
370 1219 469 1255 enim
492 1218 544 1254 vis
572 1217 708 1254 stimuli
733 1216 798 1259 fit,
822 1227 897 1264 quo
923 1215 1098 1252 humores
1118 1238 1129 1259 ‚
1145 1215 1269 1251 etiam
1299 1216 1460 1251 mitiores
1477 1240 1488 1262 ,
1527 1216 1709 1253 excretio-

96 1291 184 1316 nem
202 1278 300 1316 suam
318 1277 515 1315 sollicitent
540 1305 550 1320 ,
581 1276 694 1314 docet
719 1274 903 1314 necessitas
927 1272 1165 1312 intolerabilis
1186 1302 1196 1316 ,
1217 1285 1287 1322 qua
1312 1273 1356 1311 ad
1391 1274 1707 1316 sternutationem,

96 1337 239 1382 ruffini,
273 1337 344 1375 alvi
371 1337 594 1375 laxationem
616 1367 626 1381 ,
664 1336 904 1379 mistionem,
935 1334 1078 1371 seminis
1107 1331 1319 1370 effufionem
1340 1335 1537 1382 cogimur,
1559 1342 1600 1372 ut
1627 1346 1710 1372 cor-

97 1410 166 1448 pus
191 1398 394 1435 humanum
420 1403 562 1434 retento
590 1397 747 1436 humore
773 1397 981 1434 liberemus.
1016 1392 1162 1439 Quibus
1189 1404 1278 1431 vero
1304 1394 1605 1432 machinamentis
1633 1394 1710 1432 haec

98 1459 261 1495 excretio
290 1458 520 1500 obtineatur,
552 1457 742 1494 ostendere
770 1449 930 1505 oportet.

185 1516 374 1554 Musculus
403 1517 474 1560 est,
496 1519 560 1566 qui
582 1518 738 1555 irritatus
761 1514 1011 1557 contrahitur,
1049 1511 1290 1551 musculosam
1314 1514 1486 1552 fabricam
1508 1542 1517 1558 ‚
1542 1512 1711 1561 plerum-

98 1588 170 1626 que
193 1577 453 1626 conspicuam,
481 1576 679 1626 aliquando
711 1575 868 1614 sensibus
899 1574 1028 1612 nostris
1066 1573 1319 1617 subtiliorem,
1360 1574 1496 1612 Natura
1538 1570 1711 1609 folliculis

99 1636 373 1680 circumdedit,
394 1647 472 1685 quae
495 1636 539 1673 ab
573 1635 787 1674 extensione
805 1665 815 1680 ,
845 1637 888 1674 ab
920 1635 1121 1673 acrimonia
1141 1659 1152 1678 ,
1178 1646 1196 1671 a
1224 1634 1423 1686 cupiditate
1460 1635 1533 1673 sola
1565 1632 1600 1669 &
1627 1633 1716 1669 ima-

74 1728 76 1730 ,
99 1696 299 1745 ginationis
328 1697 388 1742 vi,
410 1694 544 1734 irritata
578 1696 775 1734 humorem
804 1696 849 1734 de
873 1693 1044 1733 folliculo
1077 1692 1247 1743 expellat.

186 1754 344 1794 Diversis
374 1762 498 1792 autem
521 1756 641 1794 modis
664 1756 877 1794 musculosae
908 1755 1004 1793 fibrae
1033 1754 1204 1792 folliculo
1231 1753 1455 1802 adaptantur.
1482 1783 1493 1805 ,Χ
1505 1749 1716 1800 Aliquando

99 1815 140 1850 in
172 1814 286 1861 ipsam
307 1813 465 1854 folliculi
494 1814 668 1857 fabricam
698 1817 950 1863 recipiuntur3
976 1814 1061 1851 alias
1089 1811 1245 1850 exterius
1274 1813 1310 1849 &
1342 1810 1438 1862 quasi
1470 1808 1611 1848 eminus
1648 1808 1717 1846 cir·

102 1871 343 1921 cumpofflae,
367 1879 428 1910 aut
455 1883 571 1910 unum
609 1873 819 1910 folliculum
846 1901 856 1916 ‚
904 1879 966 1909 aut
1015 1878 1137 1908 totum
1168 1870 1424 1918 glandularum
1462 1870 1611 1918 systema
1647 1879 1718 1906 una

101 1933 325 1969 exinaniunt.
713 1957 717 1960 -
1741 1920 1756 1941 ⁸

189 1991 356 2044 Proprias
385 1990 580 2041 grandium
608 1989 928 2041 receptaculorum
961 1989 1178 2027 musculosas
1206 1989 1312 2027 fibras
1338 1989 1459 2039 paffirz:
1485 1988 1600 2026 oculis
1639 2002 1719 2040 per-

103 2054 269 2102 cipimus.
335 2051 439 2097 Quin
469 2051 717 2094 ventriculus,
758 2053 794 2088 δε
827 2051 1063 2093 intestinum,
1101 2051 1137 2087 ἃ
1169 2049 1282 2087 vefica
1320 2051 1499 2092 urinaria,
1527 2049 1563 2085 δε
1595 2057 1719 2089 uterus

104 2123 123 2148 a
151 2113 219 2150 suis
244 2110 453 2149 musculofis
481 2108 600 2147 fibris
609 2111 1036 2153 inaniantu1,dubium
1063 2121 1139 2147 non
1163 2110 1251 2147 est·
1242 2139 1261 2158 ,
1256 2105 1357 2160 Ἰετῑίί
1388 2111 1487 2147 enim
1521 2108 1656 2161 aliqui
1666 2110 1718 2148 Cl

105 2170 171 2209 viri
204 2170 439 2213 dubitarunt.
463 2171 809 2219 experimentorum
840 2178 961 2208 tamen
996 2169 1067 2207 fide
1099 2169 1346 2208 confirmatur.

195 2230 236 2270 In
264 2229 437 2268 folliculis
463 2231 667 2268 minoribus
695 2231 819 2268 omnia
843 2231 987 2268 minora
1013 2229 1115 2278 sunt,
1146 2242 1267 2280 neque
1299 2224 1409 2269 fibrae
1418 2227 1633 2268 musculosae
1667 2236 1728 2266 aut

107 2291 223 2330 oculis
254 2289 517 2338 dispalescunt,
551 2297 610 2328 aut
640 2292 901 2341 experimentis
933 2289 1181 2334 crassioribus,
1217 2302 1297 2340 quae
1325 2304 1389 2330 acu
1426 2289 1519 2327 fiunt
1550 2296 1611 2327 aut
1643 2287 1730 2326 {cal-

106 2351 219 2400 pello.
268 2349 313 2388 In
336 2349 462 2389 iitdem
483 2359 605 2390 tamen
620 2350 798 2391 folliculis
822 2353 898 2392 vim
911 2350 1124 2397 irritabilem
1144 2352 1342 2391 acrimonia
1370 2352 1533 2403 chemica
1565 2351 1727 2400 detegit,

1648 2419 1731 2461 quae
