<?xml version="1.0" encoding="UTF-8"?>
<!DOCTYPE html PUBLIC "-//W3C//DTD XHTML 1.0 Transitional//EN"
    "http://www.w3.org/TR/xhtml1/DTD/xhtml1-transitional.dtd">
<html xmlns="http://www.w3.org/1999/xhtml" xml:lang="en" lang="en">
 <head>
  <title>
</title>
<meta http-equiv="Content-Type" content="text/html;charset=utf-8" />
  <meta name='ocr-system' content='tesseract 3.04.00' />
  <meta name='ocr-capabilities' content='ocr_page ocr_carea ocr_par ocr_line ocrx_word'/>
</head>
<body>
  <div class='ocr_page' id='page_1' title='image "./elementaphysiolo02hall_0278.png"; bbox 0 0 1968 2706; ppageno 0'>
   <div class='ocr_carea' id='block_1_1' title="bbox 295 143 1823 198">
    <p class='ocr_par' dir='ltr' id='par_1_1' title="bbox 295 143 1823 198">
     <span class='ocr_line' id='line_1_1' title="bbox 295 143 1823 198; baseline 0.001 -2"><span class='ocrx_word' id='word_1_1' title='bbox 295 162 381 196; x_wconf 51' lang='grc' dir='ltr'>κει</span> <span class='ocrx_word' id='word_1_2' title='bbox 461 148 508 192; x_wconf 88' lang='lat' dir='ltr'>L.</span> <span class='ocrx_word' id='word_1_3' title='bbox 531 149 614 194; x_wconf 83' lang='lat' dir='ltr'>VI.</span> <span class='ocrx_word' id='word_1_4' title='bbox 650 143 836 193; x_wconf 79' lang='lat' dir='ltr'><strong><em>SEGT.</em></strong></span> <span class='ocrx_word' id='word_1_5' title='bbox 865 149 929 193; x_wconf 78' lang='lat' dir='ltr'>II.</span> <span class='ocrx_word' id='word_1_6' title='bbox 991 152 1324 194; x_wconf 82' lang='lat' dir='ltr'>SANGUINIS</span> <span class='ocrx_word' id='word_1_7' title='bbox 1359 154 1470 196; x_wconf 79' lang='lat' dir='ltr'>PER</span> <span class='ocrx_word' id='word_1_8' title='bbox 1513 155 1823 198; x_wconf 78' lang='lat' dir='ltr'>ARTERIAS</span> 
     </span>
    </p>
   </div>
   <div class='ocr_carea' id='block_1_2' title="bbox 298 244 1960 1664">
    <p class='ocr_par' dir='ltr' id='par_1_2' title="bbox 299 244 1901 306">
     <span class='ocr_line' id='line_1_2' title="bbox 299 244 1901 306; baseline 0.002 -18"><span class='ocrx_word' id='word_1_9' title='bbox 299 245 509 303; x_wconf 76' lang='lat' dir='ltr'>runt(x)</span> <span class='ocrx_word' id='word_1_10' title='bbox 540 264 551 294; x_wconf 54' lang='lat'>¹,</span> <span class='ocrx_word' id='word_1_11' title='bbox 580 250 618 287; x_wconf 85' lang='lat'>&amp;</span> <span class='ocrx_word' id='word_1_12' title='bbox 658 261 709 293; x_wconf 81' lang='lat'>30</span> <span class='ocrx_word' id='word_1_13' title='bbox 732 276 741 293; x_wconf 89' lang='lat'>‚</span> <span class='ocrx_word' id='word_1_14' title='bbox 778 255 886 299; x_wconf 85' lang='lat' dir='ltr'>atque</span> <span class='ocrx_word' id='word_1_15' title='bbox 931 262 1010 299; x_wconf 78' lang='lat'>24,</span> <span class='ocrx_word' id='word_1_16' title='bbox 1048 251 1072 288; x_wconf 81' lang='lat' dir='ltr'><strong>fi</strong></span> <span class='ocrx_word' id='word_1_17' title='bbox 1112 251 1215 289; x_wconf 81' lang='lat' dir='ltr'>alteri</span> <span class='ocrx_word' id='word_1_18' title='bbox 1259 244 1395 289; x_wconf 61' lang='lat' dir='ltr'>auctori</span> <span class='ocrx_word' id='word_1_19' title='bbox 1443 251 1532 290; x_wconf 80' lang='lat' dir='ltr'>fides</span> <span class='ocrx_word' id='word_1_20' title='bbox 1568 252 1720 291; x_wconf 86' lang='lat' dir='ltr'>habetur</span> <span class='ocrx_word' id='word_1_21' title='bbox 1758 253 1780 302; x_wconf 89' lang='lat'>(</span> <span class='ocrx_word' id='word_1_22' title='bbox 1807 253 1901 306; x_wconf 83' lang='lat' dir='ltr'>y).</span> 
     </span>
    </p>

    <p class='ocr_par' dir='ltr' id='par_1_3' title="bbox 301 309 1960 952">
     <span class='ocr_line' id='line_1_3' title="bbox 390 309 1960 360; baseline 0.002 -13"><span class='ocrx_word' id='word_1_23' title='bbox 390 309 688 358; x_wconf 85' lang='lat' dir='ltr'>Temperamenti</span> <span class='ocrx_word' id='word_1_24' title='bbox 735 320 866 358; x_wconf 85' lang='lat' dir='ltr'>magna</span> <span class='ocrx_word' id='word_1_25' title='bbox 897 310 942 347; x_wconf 84' lang='lat' dir='ltr'>ad</span> <span class='ocrx_word' id='word_1_26' title='bbox 971 311 1116 360; x_wconf 88' lang='lat' dir='ltr'>pulsum</span> <span class='ocrx_word' id='word_1_27' title='bbox 1157 311 1374 350; x_wconf 76' lang='lat' dir='ltr'>mutandum</span> <span class='ocrx_word' id='word_1_28' title='bbox 1410 311 1567 360; x_wconf 83' lang='lat' dir='ltr'>potestas</span> <span class='ocrx_word' id='word_1_29' title='bbox 1602 312 1673 355; x_wconf 86' lang='lat' dir='ltr'>est,</span> <span class='ocrx_word' id='word_1_30' title='bbox 1707 313 1744 350; x_wconf 88' lang='lat'>&amp;</span> <span class='ocrx_word' id='word_1_31' title='bbox 1774 311 1906 350; x_wconf 70' lang='lat' dir='ltr'>reffius</span> <span class='ocrx_word' id='word_1_32' title='bbox 1958 344 1960 346; x_wconf 62' lang='grc'>,</span> 
     </span>
     <span class='ocr_line' id='line_1_4' title="bbox 303 369 1908 420; baseline 0.002 -14"><span class='ocrx_word' id='word_1_33' title='bbox 303 369 454 420; x_wconf 86' lang='lat' dir='ltr'>quidem</span> <span class='ocrx_word' id='word_1_34' title='bbox 476 369 679 406; x_wconf 79' lang='lat' dir='ltr'><strong>diceremus</strong></span> <span class='ocrx_word' id='word_1_35' title='bbox 704 397 714 411; x_wconf 87' lang='lat'><strong>,</strong></span> <span class='ocrx_word' id='word_1_36' title='bbox 756 380 820 406; x_wconf 85' lang='lat' dir='ltr'>cor</span> <span class='ocrx_word' id='word_1_37' title='bbox 845 369 946 407; x_wconf 78' lang='lat' dir='ltr'>ahter</span> <span class='ocrx_word' id='word_1_38' title='bbox 975 370 1012 407; x_wconf 71' lang='grc' dir='ltr'>δε</span> <span class='ocrx_word' id='word_1_39' title='bbox 1049 371 1150 408; x_wconf 81' lang='lat' dir='ltr'>aliter</span> <span class='ocrx_word' id='word_1_40' title='bbox 1178 382 1353 419; x_wconf 78' lang='lat' dir='ltr'>magn-um</span> <span class='ocrx_word' id='word_1_41' title='bbox 1370 400 1379 416; x_wconf 92' lang='lat'>,</span> <span class='ocrx_word' id='word_1_42' title='bbox 1404 370 1593 408; x_wconf 88' lang='lat' dir='ltr'>robustum</span> <span class='ocrx_word' id='word_1_43' title='bbox 1611 399 1621 414; x_wconf 85' lang='lat'><strong>,</strong></span> <span class='ocrx_word' id='word_1_44' title='bbox 1648 371 1817 409; x_wconf 85' lang='lat' dir='ltr'>irritabile</span> <span class='ocrx_word' id='word_1_45' title='bbox 1833 400 1843 414; x_wconf 93' lang='lat'><strong>,</strong></span> <span class='ocrx_word' id='word_1_46' title='bbox 1871 373 1908 409; x_wconf 75' lang='grc' dir='ltr'>δε</span> 
     </span>
     <span class='ocr_line' id='line_1_5' title="bbox 302 427 1907 481; baseline 0.001 -14"><span class='ocrx_word' id='word_1_47' title='bbox 302 436 588 478; x_wconf 75' lang='lat' dir='ltr'>temperamenta</span> <span class='ocrx_word' id='word_1_48' title='bbox 615 427 750 465; x_wconf 75' lang='lat' dir='ltr'>diversa</span> <span class='ocrx_word' id='word_1_49' title='bbox 781 427 898 466; x_wconf 82' lang='lat' dir='ltr'>faeere</span> <span class='ocrx_word' id='word_1_50' title='bbox 918 458 928 473; x_wconf 93' lang='lat'><strong>,</strong></span> <span class='ocrx_word' id='word_1_51' title='bbox 958 429 994 466; x_wconf 91' lang='lat'>&amp;</span> <span class='ocrx_word' id='word_1_52' title='bbox 1026 430 1117 467; x_wconf 75' lang='lat' dir='ltr'>alios</span> <span class='ocrx_word' id='word_1_53' title='bbox 1147 431 1317 481; x_wconf 86' lang='lat' dir='ltr'>pulsuum</span> <span class='ocrx_word' id='word_1_54' title='bbox 1346 441 1528 468; x_wconf 86' lang='lat' dir='ltr'>numeros.</span> <span class='ocrx_word' id='word_1_55' title='bbox 1593 430 1635 468; x_wconf 91' lang='lat' dir='ltr'>In</span> <span class='ocrx_word' id='word_1_56' title='bbox 1663 430 1780 468; x_wconf 88' lang='lat' dir='ltr'>arnico</span> <span class='ocrx_word' id='word_1_57' title='bbox 1817 442 1907 468; x_wconf 83' lang='lat' dir='ltr'>meae</span> 
     </span>
     <span class='ocr_line' id='line_1_6' title="bbox 304 487 1909 541; baseline 0.001 -15"><span class='ocrx_word' id='word_1_58' title='bbox 304 491 437 530; x_wconf 74' lang='lat' dir='ltr'>aetatis,</span> <span class='ocrx_word' id='word_1_59' title='bbox 461 487 521 524; x_wconf 90' lang='lat' dir='ltr'>sed</span> <span class='ocrx_word' id='word_1_60' title='bbox 547 487 805 535; x_wconf 61' lang='lat' dir='ltr'>phlegmatica}</span> <span class='ocrx_word' id='word_1_61' title='bbox 828 490 943 537; x_wconf 79' lang='lat' dir='ltr'>magis</span> <span class='ocrx_word' id='word_1_62' title='bbox 973 491 1165 541; x_wconf 80' lang='lat' dir='ltr'>temperiei</span> <span class='ocrx_word' id='word_1_63' title='bbox 1187 519 1197 533; x_wconf 90' lang='lat'>‚</span> <span class='ocrx_word' id='word_1_64' title='bbox 1231 488 1353 539; x_wconf 83' lang='lat' dir='ltr'>pulsus</span> <span class='ocrx_word' id='word_1_65' title='bbox 1381 490 1506 541; x_wconf 69' lang='lat' dir='ltr'>reperi</span> <span class='ocrx_word' id='word_1_66' title='bbox 1541 496 1597 526; x_wconf 91' lang='lat'>66</span> <span class='ocrx_word' id='word_1_67' title='bbox 1628 489 1671 526; x_wconf 81' lang='lat' dir='ltr'>ad</span> <span class='ocrx_word' id='word_1_68' title='bbox 1698 493 1760 531; x_wconf 86' lang='lat'>68.</span> <span class='ocrx_word' id='word_1_69' title='bbox 1814 488 1909 527; x_wconf 84' lang='lat' dir='ltr'>Infra</span> 
     </span>
     <span class='ocr_line' id='line_1_7' title="bbox 306 545 1910 601; baseline -0.001 -16"><span class='ocrx_word' id='word_1_70' title='bbox 306 559 361 594; x_wconf 80' lang='lat'>70</span> <span class='ocrx_word' id='word_1_71' title='bbox 387 550 425 585; x_wconf 88' lang='lat' dir='ltr'>in</span> <span class='ocrx_word' id='word_1_72' title='bbox 453 559 494 583; x_wconf 85' lang='lat' dir='ltr'>ea</span> <span class='ocrx_word' id='word_1_73' title='bbox 522 546 717 584; x_wconf 75' lang='lat' dir='ltr'>hominum</span> <span class='ocrx_word' id='word_1_74' title='bbox 740 547 841 584; x_wconf 79' lang='lat' dir='ltr'>classe</span> <span class='ocrx_word' id='word_1_75' title='bbox 869 548 1048 586; x_wconf 79' lang='lat' dir='ltr'>subfistere</span> <span class='ocrx_word' id='word_1_76' title='bbox 1079 548 1241 587; x_wconf 68' lang='lat' dir='ltr'>Ftovss</span> <span class='ocrx_word' id='word_1_77' title='bbox 1259 562 1280 586; x_wconf 85' lang='lat' dir='ltr'>R</span> <span class='ocrx_word' id='word_1_78' title='bbox 1299 560 1354 588; x_wconf 84' lang='lat' dir='ltr'>us</span> <span class='ocrx_word' id='word_1_79' title='bbox 1384 545 1478 601; x_wconf 76' lang='lat' dir='ltr'>(z)</span> <span class='ocrx_word' id='word_1_80' title='bbox 1510 549 1632 586; x_wconf 62' lang='lat' dir='ltr'>&amp;ustor</span> <span class='ocrx_word' id='word_1_81' title='bbox 1670 547 1728 585; x_wconf 87' lang='lat' dir='ltr'>est.</span> <span class='ocrx_word' id='word_1_82' title='bbox 1769 548 1910 586; x_wconf 81' lang='lat' dir='ltr'>Atrabi-</span> 
     </span>
     <span class='ocr_line' id='line_1_8' title="bbox 302 605 1909 657; baseline 0 -13"><span class='ocrx_word' id='word_1_83' title='bbox 302 608 423 650; x_wconf 77' lang='lat' dir='ltr'>lariis,</span> <span class='ocrx_word' id='word_1_84' title='bbox 452 605 510 643; x_wconf 86' lang='lat' dir='ltr'>sed</span> <span class='ocrx_word' id='word_1_85' title='bbox 540 608 607 643; x_wconf 85' lang='lat' dir='ltr'>rari</span> <span class='ocrx_word' id='word_1_86' title='bbox 628 608 770 654; x_wconf 60' lang='lat' dir='ltr'>generis</span> <span class='ocrx_word' id='word_1_87' title='bbox 801 608 1013 647; x_wconf 85' lang='lat' dir='ltr'>hominibus</span> <span class='ocrx_word' id='word_1_88' title='bbox 1043 637 1053 651; x_wconf 93' lang='lat'>,</span> <span class='ocrx_word' id='word_1_89' title='bbox 1079 609 1176 647; x_wconf 85' lang='lat' dir='ltr'>idem</span> <span class='ocrx_word' id='word_1_90' title='bbox 1202 622 1223 647; x_wconf 51' lang='lat' dir='ltr'>a¹</span> <span class='ocrx_word' id='word_1_91' title='bbox 1257 621 1303 655; x_wconf 84' lang='lat'>55</span> <span class='ocrx_word' id='word_1_92' title='bbox 1338 609 1383 646; x_wconf 88' lang='lat' dir='ltr'>ad</span> <span class='ocrx_word' id='word_1_93' title='bbox 1416 615 1469 645; x_wconf 88' lang='lat'>60</span> <span class='ocrx_word' id='word_1_94' title='bbox 1505 608 1675 657; x_wconf 88' lang='lat' dir='ltr'>pulsuum</span> <span class='ocrx_word' id='word_1_95' title='bbox 1711 618 1909 645; x_wconf 84' lang='lat' dir='ltr'>numerum</span> 
     </span>
     <span class='ocr_line' id='line_1_9' title="bbox 303 664 1908 716; baseline -0.001 -13"><span class='ocrx_word' id='word_1_96' title='bbox 303 667 485 715; x_wconf 79' lang='lat' dir='ltr'>deprimi,</span> <span class='ocrx_word' id='word_1_97' title='bbox 518 665 646 702; x_wconf 50' lang='lat' dir='ltr'>lotar</span> <span class='ocrx_word' id='word_1_98' title='bbox 689 668 825 715; x_wconf 76' lang='lat' dir='ltr'>reperit</span> <span class='ocrx_word' id='word_1_99' title='bbox 855 667 915 714; x_wconf 81' lang='lat' dir='ltr'>(a</span> <span class='ocrx_word' id='word_1_100' title='bbox 935 669 963 715; x_wconf 90' lang='lat'>).</span> <span class='ocrx_word' id='word_1_101' title='bbox 1028 668 1167 707; x_wconf 79' lang='lat' dir='ltr'><strong>Contra</strong></span> <span class='ocrx_word' id='word_1_102' title='bbox 1201 668 1393 706; x_wconf 85' lang='lat' dir='ltr'><strong>cholericis</strong></span> <span class='ocrx_word' id='word_1_103' title='bbox 1431 668 1618 715; x_wconf 47' lang='lat' dir='ltr'>octoginta</span> <span class='ocrx_word' id='word_1_104' title='bbox 1657 665 1780 716; x_wconf 88' lang='lat' dir='ltr'>pulsus</span> <span class='ocrx_word' id='word_1_105' title='bbox 1816 664 1908 704; x_wconf 91' lang='lat' dir='ltr'>olim</span> 
     </span>
     <span class='ocr_line' id='line_1_10' title="bbox 301 722 1907 775; baseline 0 -13"><span class='ocrx_word' id='word_1_106' title='bbox 301 724 563 766; x_wconf 74' lang='lat' dir='ltr'>KEPLERUS</span> <span class='ocrx_word' id='word_1_107' title='bbox 592 727 716 763; x_wconf 75' lang='lat' dir='ltr'>tribuit</span> <span class='ocrx_word' id='word_1_108' title='bbox 742 722 839 773; x_wconf 79' lang='lat' dir='ltr'>(b)</span> <span class='ocrx_word' id='word_1_109' title='bbox 875 728 912 765; x_wconf 65' lang='grc' dir='ltr'>δε</span> <span class='ocrx_word' id='word_1_110' title='bbox 938 731 1031 766; x_wconf 82' lang='lat' dir='ltr'>eirca</span> <span class='ocrx_word' id='word_1_111' title='bbox 1055 740 1141 765; x_wconf 75' lang='lat' dir='ltr'>eun-1</span> <span class='ocrx_word' id='word_1_112' title='bbox 1163 739 1354 765; x_wconf 84' lang='lat' dir='ltr'>numerum</span> <span class='ocrx_word' id='word_1_113' title='bbox 1387 727 1489 766; x_wconf 84' lang='lat' dir='ltr'>FLo</span> <span class='ocrx_word' id='word_1_114' title='bbox 1509 736 1673 764; x_wconf 82' lang='lat' dir='ltr'><strong>YERUS</strong></span> <span class='ocrx_word' id='word_1_115' title='bbox 1699 724 1785 775; x_wconf 86' lang='lat' dir='ltr'>(c)</span> <span class='ocrx_word' id='word_1_116' title='bbox 1815 739 1830 762; x_wconf 91' lang='lat'><em>:</em></span> <span class='ocrx_word' id='word_1_117' title='bbox 1863 726 1907 763; x_wconf 83' lang='lat' dir='ltr'>ab</span> 
     </span>
     <span class='ocr_line' id='line_1_11' title="bbox 307 780 1908 833; baseline -0.001 -10"><span class='ocrx_word' id='word_1_118' title='bbox 307 789 360 824; x_wconf 82' lang='lat'>80</span> <span class='ocrx_word' id='word_1_119' title='bbox 389 797 475 822; x_wconf 85' lang='lat' dir='ltr'>vero</span> <span class='ocrx_word' id='word_1_120' title='bbox 503 785 549 823; x_wconf 81' lang='lat' dir='ltr'>ad</span> <span class='ocrx_word' id='word_1_121' title='bbox 578 797 637 831; x_wconf 83' lang='lat'>90</span> <span class='ocrx_word' id='word_1_122' title='bbox 670 787 706 822; x_wconf 84' lang='lat' dir='ltr'>in</span> <span class='ocrx_word' id='word_1_123' title='bbox 734 786 953 829; x_wconf 86' lang='lat' dir='ltr'>cholerico,</span> <span class='ocrx_word' id='word_1_124' title='bbox 987 789 1095 824; x_wconf 84' lang='lat' dir='ltr'>etiam</span> <span class='ocrx_word' id='word_1_125' title='bbox 1131 787 1232 830; x_wconf 85' lang='lat' dir='ltr'>sene,</span> <span class='ocrx_word' id='word_1_126' title='bbox 1261 786 1584 825; x_wconf 77' lang='lat' dir='ltr'>recensuitIoEM</span> <span class='ocrx_word' id='word_1_127' title='bbox 1604 785 1657 824; x_wconf 89' lang='lat' dir='ltr'>Cl.</span> <span class='ocrx_word' id='word_1_128' title='bbox 1676 785 1776 822; x_wconf 69' lang='lat' dir='ltr'>Rvn</span> <span class='ocrx_word' id='word_1_129' title='bbox 1809 780 1908 833; x_wconf 86' lang='lat' dir='ltr'><em>(d).</em></span> 
     </span>
     <span class='ocr_line' id='line_1_12' title="bbox 302 842 1911 896; baseline -0.002 -13"><span class='ocrx_word' id='word_1_130' title='bbox 302 842 438 883; x_wconf 76' lang='lat' dir='ltr'>Eadem</span> <span class='ocrx_word' id='word_1_131' title='bbox 465 857 511 883; x_wconf 84' lang='lat' dir='ltr'>ex</span> <span class='ocrx_word' id='word_1_132' title='bbox 535 846 675 882; x_wconf 81' lang='lat' dir='ltr'>ratione</span> <span class='ocrx_word' id='word_1_133' title='bbox 702 844 902 884; x_wconf 72' lang='lat' dir='ltr'>carnivoris-</span> <span class='ocrx_word' id='word_1_134' title='bbox 927 847 1141 885; x_wconf 79' lang='lat' dir='ltr'>animalibus</span> <span class='ocrx_word' id='word_1_135' title='bbox 1162 845 1284 896; x_wconf 82' lang='lat' dir='ltr'>pulsus</span> <span class='ocrx_word' id='word_1_136' title='bbox 1316 845 1508 884; x_wconf 72' lang='lat' dir='ltr'>numerosi.</span> <span class='ocrx_word' id='word_1_137' title='bbox 1536 844 1627 883; x_wconf 84' lang='lat' dir='ltr'>Cani</span> <span class='ocrx_word' id='word_1_138' title='bbox 1655 843 1802 883; x_wconf 84' lang='lat' dir='ltr'>suntad</span> <span class='ocrx_word' id='word_1_139' title='bbox 1839 855 1911 891; x_wconf 68' lang='lat'>97.</span> 
     </span>
     <span class='ocr_line' id='line_1_13' title="bbox 304 904 874 952; baseline 0.005 -12"><span class='ocrx_word' id='word_1_140' title='bbox 304 905 406 941; x_wconf 77' lang='lat' dir='ltr'>arieti</span> <span class='ocrx_word' id='word_1_141' title='bbox 437 916 512 942; x_wconf 87' lang='lat' dir='ltr'>non</span> <span class='ocrx_word' id='word_1_142' title='bbox 547 904 650 952; x_wconf 74' lang='lat' dir='ltr'>supra</span> <span class='ocrx_word' id='word_1_143' title='bbox 690 912 737 950; x_wconf 87' lang='lat'>65</span> <span class='ocrx_word' id='word_1_144' title='bbox 775 905 874 952; x_wconf 79' lang='lat' dir='ltr'>(e).</span> 
     </span>
    </p>

    <p class='ocr_par' dir='ltr' id='par_1_4' title="bbox 310 961 1909 1071">
     <span class='ocr_line' id='line_1_14' title="bbox 391 961 1909 1018; baseline 0.001 -19"><span class='ocrx_word' id='word_1_145' title='bbox 391 962 503 1001; x_wconf 82' lang='lat' dir='ltr'>Sexui</span> <span class='ocrx_word' id='word_1_146' title='bbox 525 962 709 1001; x_wconf 83' lang='lat' dir='ltr'>feminino</span> <span class='ocrx_word' id='word_1_147' title='bbox 729 971 854 1001; x_wconf 82' lang='lat' dir='ltr'>natura</span> <span class='ocrx_word' id='word_1_148' title='bbox 875 965 1052 1002; x_wconf 83' lang='lat' dir='ltr'>irritabilis</span> <span class='ocrx_word' id='word_1_149' title='bbox 1079 965 1221 1018; x_wconf 78' lang='lat' dir='ltr'>pulsum</span> <span class='ocrx_word' id='word_1_150' title='bbox 1248 964 1332 1003; x_wconf 82' lang='lat' dir='ltr'>facit</span> <span class='ocrx_word' id='word_1_151' title='bbox 1365 964 1655 1014; x_wconf 26' lang='lat' dir='ltr'>frequensstIOrem-</span> <span class='ocrx_word' id='word_1_152' title='bbox 1671 991 1682 1007; x_wconf 85' lang='lat'><strong><em>,</em></strong></span> <span class='ocrx_word' id='word_1_153' title='bbox 1713 973 1829 1013; x_wconf 85' lang='lat' dir='ltr'>quem</span> <span class='ocrx_word' id='word_1_154' title='bbox 1859 961 1909 1000; x_wconf 81' lang='lat' dir='ltr'>ad</span> 
     </span>
     <span class='ocr_line' id='line_1_15' title="bbox 310 1022 1208 1071; baseline 0.003 -12"><span class='ocrx_word' id='word_1_155' title='bbox 310 1029 362 1065; x_wconf 87' lang='lat'>80</span> <span class='ocrx_word' id='word_1_156' title='bbox 401 1023 508 1071; x_wconf 80' lang='lat' dir='ltr'>sagax</span> <span class='ocrx_word' id='word_1_157' title='bbox 535 1023 676 1060; x_wconf 87' lang='lat' dir='ltr'>dudum</span> <span class='ocrx_word' id='word_1_158' title='bbox 703 1022 735 1061; x_wconf 86' lang='lat' dir='ltr'><strong>K</strong></span> <span class='ocrx_word' id='word_1_159' title='bbox 751 1036 769 1060; x_wconf 81' lang='lat' dir='ltr'><strong>E</strong></span> <span class='ocrx_word' id='word_1_160' title='bbox 783 1035 800 1060; x_wconf 83' lang='lat' dir='ltr'>P</span> <span class='ocrx_word' id='word_1_161' title='bbox 815 1037 834 1060; x_wconf 91' lang='lat' dir='ltr'>L</span> <span class='ocrx_word' id='word_1_162' title='bbox 851 1035 870 1060; x_wconf 78' lang='grc' dir='ltr'><strong>Ε</strong></span> <span class='ocrx_word' id='word_1_163' title='bbox 886 1036 907 1060; x_wconf 84' lang='lat' dir='ltr'>R</span> <span class='ocrx_word' id='word_1_164' title='bbox 925 1037 947 1061; x_wconf 85' lang='lat' dir='ltr'>u</span> <span class='ocrx_word' id='word_1_165' title='bbox 962 1035 979 1062; x_wconf 85' lang='lat' dir='ltr'><strong>s</strong></span> <span class='ocrx_word' id='word_1_166' title='bbox 1008 1026 1208 1063; x_wconf 77' lang='lat' dir='ltr'>aestimavit.</span> 
     </span>
    </p>

    <p class='ocr_par' dir='ltr' id='par_1_5' title="bbox 298 1078 1908 1664">
     <span class='ocr_line' id='line_1_16' title="bbox 387 1078 1908 1134; baseline -0.001 -16"><span class='ocrx_word' id='word_1_167' title='bbox 387 1080 551 1120; x_wconf 73' lang='lat' dir='ltr'>Proceris</span> <span class='ocrx_word' id='word_1_168' title='bbox 581 1082 793 1120; x_wconf 80' lang='lat' dir='ltr'>homin-ibus</span> <span class='ocrx_word' id='word_1_169' title='bbox 816 1083 868 1121; x_wconf 92' lang='lat' dir='ltr'>Ill.</span> <span class='ocrx_word' id='word_1_170' title='bbox 891 1084 1165 1122; x_wconf 83' lang='lat' dir='ltr'>Archiatrorum</span> <span class='ocrx_word' id='word_1_171' title='bbox 1192 1094 1317 1121; x_wconf 84' lang='lat' dir='ltr'>comes</span> <span class='ocrx_word' id='word_1_172' title='bbox 1344 1078 1426 1134; x_wconf 87' lang='lat' dir='ltr'>(f)</span> <span class='ocrx_word' id='word_1_173' title='bbox 1453 1082 1799 1132; x_wconf 75' lang='lat' dir='ltr'>pulsum.rar10rem</span> <span class='ocrx_word' id='word_1_174' title='bbox 1818 1079 1908 1119; x_wconf 79' lang='lat' dir='ltr'>adfi-</span> 
     </span>
     <span class='ocr_line' id='line_1_17' title="bbox 303 1139 1905 1192; baseline -0.001 -15"><span class='ocrx_word' id='word_1_175' title='bbox 303 1141 657 1191; x_wconf 75' lang='lat' dir='ltr'>gnat‚tabulan1que</span> <span class='ocrx_word' id='word_1_176' title='bbox 675 1142 811 1186; x_wconf 87' lang='lat' dir='ltr'>addit-‚</span> <span class='ocrx_word' id='word_1_177' title='bbox 832 1143 868 1178; x_wconf 91' lang='lat' dir='ltr'>in</span> <span class='ocrx_word' id='word_1_178' title='bbox 892 1154 961 1192; x_wconf 82' lang='lat' dir='ltr'>qua</span> <span class='ocrx_word' id='word_1_179' title='bbox 981 1144 1125 1180; x_wconf 86' lang='lat' dir='ltr'>homiui</span> <span class='ocrx_word' id='word_1_180' title='bbox 1144 1143 1289 1181; x_wconf 82' lang='lat' dir='ltr'>duobus</span> <span class='ocrx_word' id='word_1_181' title='bbox 1318 1142 1471 1192; x_wconf 84' lang='lat' dir='ltr'>pedibus</span> <span class='ocrx_word' id='word_1_182' title='bbox 1492 1154 1569 1179; x_wconf 89' lang='lat' dir='ltr'>non</span> <span class='ocrx_word' id='word_1_183' title='bbox 1600 1141 1764 1190; x_wconf 86' lang='lat' dir='ltr'>longiori</span> <span class='ocrx_word' id='word_1_184' title='bbox 1784 1139 1905 1190; x_wconf 88' lang='lat' dir='ltr'>pulsus</span> 
     </span>
     <span class='ocr_line' id='line_1_18' title="bbox 304 1199 1903 1252; baseline -0.001 -15"><span class='ocrx_word' id='word_1_185' title='bbox 304 1210 360 1244; x_wconf 87' lang='lat'>90</span> <span class='ocrx_word' id='word_1_186' title='bbox 376 1228 385 1243; x_wconf 92' lang='lat'><strong>,</strong></span> <span class='ocrx_word' id='word_1_187' title='bbox 403 1201 545 1238; x_wconf 86' lang='lat' dir='ltr'>homini</span> <span class='ocrx_word' id='word_1_188' title='bbox 567 1208 724 1249; x_wconf 80' lang='lat' dir='ltr'>quatuor</span> <span class='ocrx_word' id='word_1_189' title='bbox 737 1202 846 1250; x_wconf 87' lang='lat' dir='ltr'>pedes</span> <span class='ocrx_word' id='word_1_190' title='bbox 858 1202 931 1239; x_wconf 83' lang='lat' dir='ltr'>alto</span> <span class='ocrx_word' id='word_1_191' title='bbox 951 1200 1074 1250; x_wconf 78' lang='lat' dir='ltr'>pulsus</span> <span class='ocrx_word' id='word_1_192' title='bbox 1091 1210 1144 1245; x_wconf 83' lang='lat'>80</span> <span class='ocrx_word' id='word_1_193' title='bbox 1164 1231 1172 1245; x_wconf 92' lang='lat'>,</span> <span class='ocrx_word' id='word_1_194' title='bbox 1188 1203 1332 1240; x_wconf 87' lang='lat' dir='ltr'>homini</span> <span class='ocrx_word' id='word_1_195' title='bbox 1349 1202 1511 1251; x_wconf 87' lang='lat' dir='ltr'>quinque</span> <span class='ocrx_word' id='word_1_196' title='bbox 1526 1201 1662 1252; x_wconf 87' lang='lat' dir='ltr'>pedum</span> <span class='ocrx_word' id='word_1_197' title='bbox 1682 1199 1803 1249; x_wconf 91' lang='lat' dir='ltr'>pulsus</span> <span class='ocrx_word' id='word_1_198' title='bbox 1823 1211 1878 1245; x_wconf 90' lang='lat'>70</span> <span class='ocrx_word' id='word_1_199' title='bbox 1894 1227 1903 1241; x_wconf 93' lang='lat'>‚</span> 
     </span>
     <span class='ocr_line' id='line_1_19' title="bbox 302 1257 1907 1311; baseline -0.001 -16"><span class='ocrx_word' id='word_1_200' title='bbox 302 1258 447 1296; x_wconf 77' lang='lat' dir='ltr'>homini</span> <span class='ocrx_word' id='word_1_201' title='bbox 473 1260 532 1298; x_wconf 79' lang='lat' dir='ltr'>sex</span> <span class='ocrx_word' id='word_1_202' title='bbox 557 1260 689 1307; x_wconf 82' lang='lat' dir='ltr'>pedum</span> <span class='ocrx_word' id='word_1_203' title='bbox 716 1260 836 1311; x_wconf 88' lang='lat' dir='ltr'>pulsus</span> <span class='ocrx_word' id='word_1_204' title='bbox 871 1269 923 1298; x_wconf 88' lang='lat'>60</span> <span class='ocrx_word' id='word_1_205' title='bbox 950 1263 1101 1306; x_wconf 80' lang='lat' dir='ltr'>tribuit,</span> <span class='ocrx_word' id='word_1_206' title='bbox 1122 1273 1314 1310; x_wconf 84' lang='lat' dir='ltr'>rarumque</span> <span class='ocrx_word' id='word_1_207' title='bbox 1336 1271 1578 1310; x_wconf 85' lang='lat' dir='ltr'>procerorum</span> <span class='ocrx_word' id='word_1_208' title='bbox 1593 1259 1803 1296; x_wconf 86' lang='lat' dir='ltr'>mortalium</span> <span class='ocrx_word' id='word_1_209' title='bbox 1826 1257 1907 1306; x_wconf 87' lang='lat' dir='ltr'>pul-</span> 
     </span>
     <span class='ocr_line' id='line_1_20' title="bbox 301 1315 1905 1370; baseline -0.001 -16"><span class='ocrx_word' id='word_1_210' title='bbox 301 1315 383 1354; x_wconf 74' lang='lat' dir='ltr'>sum</span> <span class='ocrx_word' id='word_1_211' title='bbox 409 1319 582 1367; x_wconf 82' lang='lat' dir='ltr'>exemplo</span> <span class='ocrx_word' id='word_1_212' title='bbox 612 1327 761 1356; x_wconf 88' lang='lat' dir='ltr'>centum</span> <span class='ocrx_word' id='word_1_213' title='bbox 784 1320 973 1357; x_wconf 85' lang='lat' dir='ltr'>custodum</span> <span class='ocrx_word' id='word_1_214' title='bbox 988 1322 1078 1369; x_wconf 85' lang='lat' dir='ltr'>regii</span> <span class='ocrx_word' id='word_1_215' title='bbox 1116 1322 1283 1370; x_wconf 84' lang='lat' dir='ltr'>corporis</span> <span class='ocrx_word' id='word_1_216' title='bbox 1319 1319 1537 1362; x_wconf 85' lang='lat' dir='ltr'>confirmat,</span> <span class='ocrx_word' id='word_1_217' title='bbox 1570 1331 1662 1368; x_wconf 89' lang='lat' dir='ltr'>quos</span> <span class='ocrx_word' id='word_1_218' title='bbox 1689 1318 1801 1365; x_wconf 87' lang='lat' dir='ltr'>vulgo</span> <span class='ocrx_word' id='word_1_219' title='bbox 1828 1316 1905 1353; x_wconf 87' lang='lat' dir='ltr'>hel-</span> 
     </span>
     <span class='ocr_line' id='line_1_21' title="bbox 304 1378 1901 1430; baseline -0.001 -17"><span class='ocrx_word' id='word_1_220' title='bbox 304 1379 421 1414; x_wconf 85' lang='lat' dir='ltr'>vetios</span> <span class='ocrx_word' id='word_1_221' title='bbox 444 1385 584 1416; x_wconf 81' lang='lat' dir='ltr'>vocant.</span> <span class='ocrx_word' id='word_1_222' title='bbox 611 1378 689 1426; x_wconf 85' lang='lat' dir='ltr'>Ego</span> <span class='ocrx_word' id='word_1_223' title='bbox 711 1380 858 1428; x_wconf 88' lang='lat' dir='ltr'>quidem</span> <span class='ocrx_word' id='word_1_224' title='bbox 873 1405 884 1423; x_wconf 82' lang='grc'>,</span> <span class='ocrx_word' id='word_1_225' title='bbox 901 1380 1075 1430; x_wconf 84' lang='lat' dir='ltr'>sepedalis</span> <span class='ocrx_word' id='word_1_226' title='bbox 1100 1380 1217 1417; x_wconf 86' lang='lat' dir='ltr'>homo</span> <span class='ocrx_word' id='word_1_227' title='bbox 1235 1410 1243 1423; x_wconf 96' lang='lat'>,</span> <span class='ocrx_word' id='word_1_228' title='bbox 1258 1379 1378 1428; x_wconf 86' lang='lat' dir='ltr'>pulsus</span> <span class='ocrx_word' id='word_1_229' title='bbox 1392 1379 1576 1427; x_wconf 79' lang='lat' dir='ltr'>aliquanto</span> <span class='ocrx_word' id='word_1_230' title='bbox 1592 1378 1716 1427; x_wconf 89' lang='lat' dir='ltr'>plures</span> <span class='ocrx_word' id='word_1_231' title='bbox 1727 1387 1901 1417; x_wconf 88' lang='lat' dir='ltr'>numero,</span> 
     </span>
     <span class='ocr_line' id='line_1_22' title="bbox 300 1434 1904 1488; baseline -0.002 -15"><span class='ocrx_word' id='word_1_232' title='bbox 300 1438 416 1485; x_wconf 77' lang='lat' dir='ltr'>inque</span> <span class='ocrx_word' id='word_1_233' title='bbox 436 1437 511 1474; x_wconf 72' lang='lat' dir='ltr'>aliis</span> <span class='ocrx_word' id='word_1_234' title='bbox 536 1466 546 1480; x_wconf 88' lang='lat'><strong>,</strong></span> <span class='ocrx_word' id='word_1_235' title='bbox 575 1437 609 1473; x_wconf 89' lang='lat'>&amp;</span> <span class='ocrx_word' id='word_1_236' title='bbox 639 1437 887 1488; x_wconf 83' lang='lat' dir='ltr'>frequentibus</span> <span class='ocrx_word' id='word_1_237' title='bbox 908 1438 1032 1476; x_wconf 83' lang='lat' dir='ltr'>amicis</span> <span class='ocrx_word' id='word_1_238' title='bbox 1064 1442 1208 1488; x_wconf 84' lang='lat' dir='ltr'>proceri</span> <span class='ocrx_word' id='word_1_239' title='bbox 1238 1439 1380 1476; x_wconf 81' lang='lat' dir='ltr'>habitus</span> <span class='ocrx_word' id='word_1_240' title='bbox 1401 1465 1413 1482; x_wconf 86' lang='lat'>‚</span> <span class='ocrx_word' id='word_1_241' title='bbox 1429 1437 1551 1486; x_wconf 86' lang='lat' dir='ltr'>pulsus</span> <span class='ocrx_word' id='word_1_242' title='bbox 1568 1434 1832 1474; x_wconf 82' lang='lat' dir='ltr'>numerofiores</span> <span class='ocrx_word' id='word_1_243' title='bbox 1850 1446 1904 1471; x_wconf 83' lang='lat' dir='ltr'>re-</span> 
     </span>
     <span class='ocr_line' id='line_1_23' title="bbox 299 1492 1904 1547; baseline -0.002 -15"><span class='ocrx_word' id='word_1_244' title='bbox 299 1497 391 1544; x_wconf 85' lang='lat' dir='ltr'>peri.</span> <span class='ocrx_word' id='word_1_245' title='bbox 433 1495 601 1534; x_wconf 83' lang='lat' dir='ltr'>Helvetia</span> <span class='ocrx_word' id='word_1_246' title='bbox 627 1498 726 1534; x_wconf 86' lang='lat' dir='ltr'>enim</span> <span class='ocrx_word' id='word_1_247' title='bbox 743 1509 831 1545; x_wconf 86' lang='lat' dir='ltr'>gens</span> <span class='ocrx_word' id='word_1_248' title='bbox 871 1498 921 1535; x_wconf 80' lang='lat' dir='ltr'>est</span> <span class='ocrx_word' id='word_1_249' title='bbox 940 1509 986 1536; x_wconf 79' lang='lat' dir='ltr'>ex</span> <span class='ocrx_word' id='word_1_250' title='bbox 1009 1498 1259 1547; x_wconf 78' lang='lat' dir='ltr'>procerissimis</span> <span class='ocrx_word' id='word_1_251' title='bbox 1275 1525 1287 1543; x_wconf 88' lang='lat'>‚</span> <span class='ocrx_word' id='word_1_252' title='bbox 1312 1499 1348 1535; x_wconf 73' lang='grc' dir='ltr'>δε</span> <span class='ocrx_word' id='word_1_253' title='bbox 1374 1499 1466 1534; x_wconf 82' lang='lat' dir='ltr'>inter</span> <span class='ocrx_word' id='word_1_254' title='bbox 1494 1495 1683 1535; x_wconf 81' lang='lat' dir='ltr'>Helvetios</span> <span class='ocrx_word' id='word_1_255' title='bbox 1705 1492 1904 1532; x_wconf 77' lang='lat' dir='ltr'>Bernenses</span> 
     </span>
     <span class='ocr_line' id='line_1_24' title="bbox 300 1550 1905 1605; baseline 0.001 -14"><span class='ocrx_word' id='word_1_256' title='bbox 300 1556 397 1592; x_wconf 81' lang='lat' dir='ltr'>cives</span> <span class='ocrx_word' id='word_1_257' title='bbox 421 1555 548 1593; x_wconf 82' lang='lat' dir='ltr'>statura</span> <span class='ocrx_word' id='word_1_258' title='bbox 577 1555 652 1593; x_wconf 84' lang='lat' dir='ltr'>fere</span> <span class='ocrx_word' id='word_1_259' title='bbox 678 1557 848 1595; x_wconf 86' lang='lat' dir='ltr'>iminent.</span> <span class='ocrx_word' id='word_1_260' title='bbox 905 1557 1024 1596; x_wconf 84' lang='lat' dir='ltr'>Multa</span> <span class='ocrx_word' id='word_1_261' title='bbox 1056 1569 1144 1596; x_wconf 87' lang='lat' dir='ltr'>vero</span> <span class='ocrx_word' id='word_1_262' title='bbox 1167 1559 1249 1596; x_wconf 85' lang='lat' dir='ltr'>sunt</span> <span class='ocrx_word' id='word_1_263' title='bbox 1273 1586 1283 1602; x_wconf 95' lang='lat'>‚</span> <span class='ocrx_word' id='word_1_264' title='bbox 1314 1564 1441 1605; x_wconf 85' lang='lat' dir='ltr'>praeter</span> <span class='ocrx_word' id='word_1_265' title='bbox 1475 1557 1640 1594; x_wconf 71' lang='lat' dir='ltr'>staturam</span> <span class='ocrx_word' id='word_1_266' title='bbox 1659 1583 1668 1597; x_wconf 91' lang='lat'><strong>,</strong></span> <span class='ocrx_word' id='word_1_267' title='bbox 1712 1564 1792 1602; x_wconf 82' lang='lat' dir='ltr'>quae</span> <span class='ocrx_word' id='word_1_268' title='bbox 1822 1550 1905 1600; x_wconf 84' lang='lat' dir='ltr'>pul-</span> 
     </span>
     <span class='ocr_line' id='line_1_25' title="bbox 298 1612 1907 1664; baseline -0.002 -14"><span class='ocrx_word' id='word_1_269' title='bbox 298 1613 606 1664; x_wconf 55' lang='lat' dir='ltr'>&amp;sfrequentiam</span> <span class='ocrx_word' id='word_1_270' title='bbox 645 1614 825 1653; x_wconf 88' lang='lat' dir='ltr'>definiunt</span> <span class='ocrx_word' id='word_1_271' title='bbox 858 1630 866 1654; x_wconf 73' lang='grc' dir='ltr'><strong><em>ε</em></strong></span> <span class='ocrx_word' id='word_1_272' title='bbox 899 1617 961 1655; x_wconf 85' lang='lat' dir='ltr'>etfi</span> <span class='ocrx_word' id='word_1_273' title='bbox 989 1617 1026 1654; x_wconf 87' lang='lat' dir='ltr'>in</span> <span class='ocrx_word' id='word_1_274' title='bbox 1052 1615 1258 1656; x_wconf 77' lang='lat' dir='ltr'>universum</span> <span class='ocrx_word' id='word_1_275' title='bbox 1290 1619 1427 1664; x_wconf 84' lang='lat' dir='ltr'>majora</span> <span class='ocrx_word' id='word_1_276' title='bbox 1459 1615 1628 1653; x_wconf 80' lang='lat' dir='ltr'>animalia</span> <span class='ocrx_word' id='word_1_277' title='bbox 1659 1612 1907 1651; x_wconf 59' lang='lat' dir='ltr'>consentiuntw</span> 
     </span>
    </p>
   </div>
   <div class='ocr_carea' id='block_1_3' title="bbox 515 1727 1676 1788">
    <p class='ocr_par' dir='ltr' id='par_1_6' title="bbox 515 1727 1676 1788">
     <span class='ocr_line' id='line_1_26' title="bbox 515 1727 1676 1788; baseline -0.002 -18"><span class='ocrx_word' id='word_1_278' title='bbox 515 1737 552 1778; x_wconf 62' lang='grc' dir='ltr'>ς.</span> <span class='ocrx_word' id='word_1_279' title='bbox 582 1730 709 1771; x_wconf 88' lang='lat' dir='ltr'>XVII.</span> <span class='ocrx_word' id='word_1_280' title='bbox 755 1728 800 1772; x_wconf 77' lang='lat' dir='ltr'><strong><em>A</em></strong></span> <span class='ocrx_word' id='word_1_281' title='bbox 825 1729 965 1787; x_wconf 76' lang='lat' dir='ltr'>sbmno</span> <span class='ocrx_word' id='word_1_282' title='bbox 986 1760 998 1779; x_wconf 86' lang='lat'>‚</span> <span class='ocrx_word' id='word_1_283' title='bbox 1036 1745 1060 1773; x_wconf 80' lang='lat' dir='ltr'><strong><em>a</em></strong></span> <span class='ocrx_word' id='word_1_284' title='bbox 1085 1730 1253 1788; x_wconf 71' lang='lat' dir='ltr'>vigilia,</span> <span class='ocrx_word' id='word_1_285' title='bbox 1285 1745 1310 1772; x_wconf 85' lang='lat' dir='ltr'><strong><em>a</em></strong></span> <span class='ocrx_word' id='word_1_286' title='bbox 1325 1727 1466 1786; x_wconf 77' lang='lat' dir='ltr'>pastu,</span> <span class='ocrx_word' id='word_1_287' title='bbox 1494 1742 1519 1770; x_wconf 86' lang='lat' dir='ltr'><em>a</em></span> <span class='ocrx_word' id='word_1_288' title='bbox 1559 1738 1676 1769; x_wconf 78' lang='lat' dir='ltr'>motu.</span> 
     </span>
    </p>
   </div>
   <div class='ocr_carea' id='block_1_4' title="bbox 298 1839 1904 1958">
    <p class='ocr_par' dir='ltr' id='par_1_7' title="bbox 298 1839 1904 1958">
     <span class='ocr_line' id='line_1_27' title="bbox 386 1839 1901 1900; baseline -0.004 -12"><span class='ocrx_word' id='word_1_289' title='bbox 386 1849 501 1888; x_wconf 87' lang='lat' dir='ltr'>Porro</span> <span class='ocrx_word' id='word_1_290' title='bbox 524 1850 621 1887; x_wconf 79' lang='lat' dir='ltr'>idem</span> <span class='ocrx_word' id='word_1_291' title='bbox 643 1850 758 1888; x_wconf 87' lang='lat' dir='ltr'>homo</span> <span class='ocrx_word' id='word_1_292' title='bbox 775 1879 784 1893; x_wconf 87' lang='lat'>‚</span> <span class='ocrx_word' id='word_1_293' title='bbox 816 1852 869 1888; x_wconf 89' lang='lat' dir='ltr'>uti</span> <span class='ocrx_word' id='word_1_294' title='bbox 898 1839 959 1890; x_wconf 78' lang='lat' dir='ltr'>aut</span> <span class='ocrx_word' id='word_1_295' title='bbox 988 1851 1141 1900; x_wconf 71' lang='lat' dir='ltr'>vigilat,</span> <span class='ocrx_word' id='word_1_296' title='bbox 1172 1859 1233 1889; x_wconf 83' lang='lat' dir='ltr'>aut</span> <span class='ocrx_word' id='word_1_297' title='bbox 1263 1852 1400 1890; x_wconf 84' lang='lat' dir='ltr'>dormit</span> <span class='ocrx_word' id='word_1_298' title='bbox 1418 1879 1427 1892; x_wconf 94' lang='lat'>,</span> <span class='ocrx_word' id='word_1_299' title='bbox 1451 1857 1511 1887; x_wconf 86' lang='lat' dir='ltr'>aut</span> <span class='ocrx_word' id='word_1_300' title='bbox 1539 1850 1696 1892; x_wconf 82' lang='lat' dir='ltr'>otiatur,</span> <span class='ocrx_word' id='word_1_301' title='bbox 1728 1852 1788 1885; x_wconf 87' lang='lat' dir='ltr'>aut</span> <span class='ocrx_word' id='word_1_302' title='bbox 1816 1857 1901 1883; x_wconf 70' lang='lat' dir='ltr'>cor:-</span> 
     </span>
     <span class='ocr_line' id='line_1_28' title="bbox 298 1906 1904 1958; baseline -0.004 -11"><span class='ocrx_word' id='word_1_303' title='bbox 298 1921 366 1958; x_wconf 85' lang='lat' dir='ltr'>pus</span> <span class='ocrx_word' id='word_1_304' title='bbox 392 1917 564 1957; x_wconf 82' lang='lat' dir='ltr'>exercet,</span> <span class='ocrx_word' id='word_1_305' title='bbox 590 1910 763 1958; x_wconf 81' lang='lat' dir='ltr'>variisque</span> <span class='ocrx_word' id='word_1_306' title='bbox 797 1911 876 1947; x_wconf 60' lang='lat' dir='ltr'>vitae</span> <span class='ocrx_word' id='word_1_307' title='bbox 918 1911 1088 1949; x_wconf 68' lang='lat' dir='ltr'>humano:</span> <span class='ocrx_word' id='word_1_308' title='bbox 1126 1912 1345 1949; x_wconf 67' lang='lat' dir='ltr'>muneribus</span> <span class='ocrx_word' id='word_1_309' title='bbox 1377 1909 1562 1958; x_wconf 73' lang='lat' dir='ltr'>fungitur,</span> <span class='ocrx_word' id='word_1_310' title='bbox 1591 1916 1652 1947; x_wconf 86' lang='lat' dir='ltr'>aut</span> <span class='ocrx_word' id='word_1_311' title='bbox 1683 1906 1808 1944; x_wconf 90' lang='lat' dir='ltr'>obedit</span> <span class='ocrx_word' id='word_1_312' title='bbox 1841 1916 1904 1941; x_wconf 85' lang='lat' dir='ltr'>ne-</span> 
     </span>
    </p>
   </div>
   <div class='ocr_carea' id='block_1_5' title="bbox 299 1966 1902 2073">
    <p class='ocr_par' dir='ltr' id='par_1_8' title="bbox 299 1966 1902 2073">
     <span class='ocr_line' id='line_1_29' title="bbox 299 1966 1902 2020; baseline -0.004 -15"><span class='ocrx_word' id='word_1_313' title='bbox 299 1968 512 2008; x_wconf 68' lang='lat' dir='ltr'>ceffitdtibus</span> <span class='ocrx_word' id='word_1_314' title='bbox 528 1996 539 2014; x_wconf 72' lang='grc'><em>,</em></span> <span class='ocrx_word' id='word_1_315' title='bbox 562 1970 610 2007; x_wconf 79' lang='lat' dir='ltr'>ita</span> <span class='ocrx_word' id='word_1_316' title='bbox 630 1970 742 2007; x_wconf 88' lang='lat' dir='ltr'>alium</span> <span class='ocrx_word' id='word_1_317' title='bbox 766 1969 801 2006; x_wconf 72' lang='lat' dir='ltr'>Sc</span> <span class='ocrx_word' id='word_1_318' title='bbox 819 1970 929 2008; x_wconf 80' lang='lat' dir='ltr'>alium</span> <span class='ocrx_word' id='word_1_319' title='bbox 957 1971 1099 2020; x_wconf 85' lang='lat' dir='ltr'>pulsum</span> <span class='ocrx_word' id='word_1_320' title='bbox 1126 1971 1273 2009; x_wconf 87' lang='lat' dir='ltr'>medico</span> <span class='ocrx_word' id='word_1_321' title='bbox 1307 1970 1427 2008; x_wconf 86' lang='lat' dir='ltr'>offert.</span> <span class='ocrx_word' id='word_1_322' title='bbox 1479 1968 1574 2018; x_wconf 85' lang='lat' dir='ltr'>Ergo</span> <span class='ocrx_word' id='word_1_323' title='bbox 1605 1966 1785 2007; x_wconf 80' lang='lat' dir='ltr'>matutino</span> <span class='ocrx_word' id='word_1_324' title='bbox 1812 1971 1902 2000; x_wconf 90' lang='lat' dir='ltr'>tem-</span> 
     </span>
     <span class='ocr_line' id='line_1_30' title="bbox 1051 2034 1902 2073; baseline 0.018 -27"><span class='ocrx_word' id='word_1_325' title='bbox 1051 2043 1054 2046; x_wconf 67' lang='lat'><em>,</em></span> <span class='ocrx_word' id='word_1_326' title='bbox 1782 2034 1872 2073; x_wconf 81' lang='lat' dir='ltr'>pore</span> <span class='ocrx_word' id='word_1_327' title='bbox 1888 2047 1902 2066; x_wconf 83' lang='lat'>‚</span> 
     </span>
    </p>
   </div>
   <div class='ocr_carea' id='block_1_6' title="bbox 381 2083 1302 2166">
    <p class='ocr_par' dir='ltr' id='par_1_9' title="bbox 381 2083 1302 2166">
     <span class='ocr_line' id='line_1_31' title="bbox 382 2083 1124 2125; baseline 0.005 -13"><span class='ocrx_word' id='word_1_328' title='bbox 382 2084 451 2119; x_wconf 78' lang='lat' dir='ltr'>(x)</span> <span class='ocrx_word' id='word_1_329' title='bbox 479 2083 497 2112; x_wconf 85' lang='lat' dir='ltr'><strong><em>S</em></strong></span> <span class='ocrx_word' id='word_1_330' title='bbox 511 2093 531 2112; x_wconf 80' lang='lat' dir='ltr'>A</span> <span class='ocrx_word' id='word_1_331' title='bbox 544 2093 567 2114; x_wconf 87' lang='lat' dir='ltr'>u</span> <span class='ocrx_word' id='word_1_332' title='bbox 579 2095 599 2114; x_wconf 91' lang='lat' dir='ltr'><strong>v</strong></span> <span class='ocrx_word' id='word_1_333' title='bbox 611 2094 630 2116; x_wconf 78' lang='lat' dir='ltr'>A</span> <span class='ocrx_word' id='word_1_334' title='bbox 645 2094 662 2115; x_wconf 75' lang='lat' dir='ltr'>c</span> <span class='ocrx_word' id='word_1_335' title='bbox 675 2094 691 2115; x_wconf 77' lang='grc' dir='ltr'>ε</span> <span class='ocrx_word' id='word_1_336' title='bbox 705 2095 715 2114; x_wconf 83' lang='lat' dir='ltr'>s</span> <span class='ocrx_word' id='word_1_337' title='bbox 738 2085 771 2114; x_wconf 85' lang='lat' dir='ltr'>de</span> <span class='ocrx_word' id='word_1_338' title='bbox 789 2083 882 2124; x_wconf 61' lang='lat' dir='ltr'>aspir.</span> <span class='ocrx_word' id='word_1_339' title='bbox 907 2085 1008 2123; x_wconf 51' lang='lat' dir='ltr'>dgffissil.</span> <span class='ocrx_word' id='word_1_340' title='bbox 1036 2097 1064 2125; x_wconf 85' lang='lat' dir='ltr'>p.</span> <span class='ocrx_word' id='word_1_341' title='bbox 1102 2099 1124 2124; x_wconf 85' lang='grc' dir='ltr'>ς.</span> 
     </span>
     <span class='ocr_line' id='line_1_32' title="bbox 381 2123 1302 2166; baseline -0.007 -4"><span class='ocrx_word' id='word_1_342' title='bbox 381 2126 453 2162; x_wconf 68' lang='lat' dir='ltr'>(y)</span> <span class='ocrx_word' id='word_1_343' title='bbox 476 2123 511 2154; x_wconf 91' lang='grc' dir='ltr'><strong><em>Μ</em></strong></span> <span class='ocrx_word' id='word_1_344' title='bbox 523 2134 544 2155; x_wconf 79' lang='grc' dir='ltr'>Λ</span> <span class='ocrx_word' id='word_1_345' title='bbox 556 2135 573 2154; x_wconf 75' lang='lat' dir='ltr'>R</span> <span class='ocrx_word' id='word_1_346' title='bbox 589 2135 644 2164; x_wconf 65' lang='lat' dir='ltr'>Qu</span> <span class='ocrx_word' id='word_1_347' title='bbox 656 2136 672 2157; x_wconf 77' lang='grc' dir='ltr'><strong><em>ε</em></strong></span> <span class='ocrx_word' id='word_1_348' title='bbox 688 2134 711 2156; x_wconf 75' lang='lat'>&#39;1‘</span> <span class='ocrx_word' id='word_1_349' title='bbox 733 2136 762 2164; x_wconf 82' lang='lat' dir='ltr'>p.</span> <span class='ocrx_word' id='word_1_350' title='bbox 780 2131 830 2161; x_wconf 70' lang='lat'>²8-</span> <span class='ocrx_word' id='word_1_351' title='bbox 853 2126 938 2159; x_wconf 69' lang='lat' dir='ltr'>addit</span> <span class='ocrx_word' id='word_1_352' title='bbox 958 2128 1122 2166; x_wconf 75' lang='lat' dir='ltr'>soporosos</span> <span class='ocrx_word' id='word_1_353' title='bbox 1146 2124 1302 2157; x_wconf 62' lang='lat' dir='ltr'>interiisse.</span> 
     </span>
    </p>
   </div>
   <div class='ocr_carea' id='block_1_7' title="bbox 373 2168 993 2457">
    <p class='ocr_par' dir='ltr' id='par_1_10' title="bbox 381 2168 757 2205">
     <span class='ocr_line' id='line_1_33' title="bbox 381 2168 757 2205; baseline 0.005 -10"><span class='ocrx_word' id='word_1_354' title='bbox 381 2168 452 2202; x_wconf 72' lang='lat' dir='ltr'>(z)</span> <span class='ocrx_word' id='word_1_355' title='bbox 480 2177 509 2204; x_wconf 82' lang='lat' dir='ltr'>p.</span> <span class='ocrx_word' id='word_1_356' title='bbox 532 2178 579 2204; x_wconf 73' lang='lat'>44-</span> <span class='ocrx_word' id='word_1_357' title='bbox 604 2175 669 2205; x_wconf 85' lang='lat'>316.</span> <span class='ocrx_word' id='word_1_358' title='bbox 693 2169 757 2199; x_wconf 62' lang='lat' dir='ltr'>Sec,-</span> 
     </span>
    </p>

    <p class='ocr_par' dir='ltr' id='par_1_11' title="bbox 375 2207 552 2244">
     <span class='ocr_line' id='line_1_34' title="bbox 375 2207 552 2244; baseline 0.017 -7"><span class='ocrx_word' id='word_1_359' title='bbox 375 2209 447 2244; x_wconf 92' lang='lat' dir='ltr'>(a)</span> <span class='ocrx_word' id='word_1_360' title='bbox 474 2207 552 2241; x_wconf 80' lang='lat' dir='ltr'><strong>Ibid.</strong></span> 
     </span>
    </p>

    <p class='ocr_par' dir='ltr' id='par_1_12' title="bbox 381 2250 541 2284">
     <span class='ocr_line' id='line_1_35' title="bbox 381 2250 541 2284; baseline 0.013 -6"><span class='ocrx_word' id='word_1_361' title='bbox 381 2250 449 2284; x_wconf 79' lang='lat' dir='ltr'>(h)</span> <span class='ocrx_word' id='word_1_362' title='bbox 473 2250 492 2278; x_wconf 85' lang='lat' dir='ltr'>l.</span> <span class='ocrx_word' id='word_1_363' title='bbox 516 2260 541 2280; x_wconf 88' lang='lat' dir='ltr'>c.</span> 
     </span>
    </p>

    <p class='ocr_par' dir='ltr' id='par_1_13' title="bbox 378 2291 544 2325">
     <span class='ocr_line' id='line_1_36' title="bbox 378 2291 544 2325; baseline 0.018 -6"><span class='ocrx_word' id='word_1_364' title='bbox 378 2292 448 2325; x_wconf 82' lang='lat' dir='ltr'>(c)</span> <span class='ocrx_word' id='word_1_365' title='bbox 473 2291 491 2319; x_wconf 88' lang='grc'>1.,</span> <span class='ocrx_word' id='word_1_366' title='bbox 518 2301 544 2322; x_wconf 78' lang='lat' dir='ltr'>c,</span> 
     </span>
    </p>

    <p class='ocr_par' dir='ltr' id='par_1_14' title="bbox 381 2332 549 2367">
     <span class='ocr_line' id='line_1_37' title="bbox 381 2332 549 2367; baseline 0.03 -8"><span class='ocrx_word' id='word_1_367' title='bbox 381 2332 451 2367; x_wconf 81' lang='lat' dir='ltr'>(d)</span> <span class='ocrx_word' id='word_1_368' title='bbox 472 2334 492 2361; x_wconf 84' lang='lat' dir='ltr'>l.</span> <span class='ocrx_word' id='word_1_369' title='bbox 517 2343 549 2364; x_wconf 71' lang='lat' dir='ltr'>C„</span> 
     </span>
    </p>

    <p class='ocr_par' dir='ltr' id='par_1_15' title="bbox 373 2373 993 2457">
     <span class='ocr_line' id='line_1_38' title="bbox 378 2373 993 2416; baseline 0.01 -15"><span class='ocrx_word' id='word_1_370' title='bbox 378 2374 443 2408; x_wconf 85' lang='lat' dir='ltr'>(e)</span> <span class='ocrx_word' id='word_1_371' title='bbox 463 2373 522 2404; x_wconf 75' lang='lat' dir='ltr'>HA</span> <span class='ocrx_word' id='word_1_372' title='bbox 541 2387 556 2405; x_wconf 84' lang='grc' dir='ltr'>ι,</span> <span class='ocrx_word' id='word_1_373' title='bbox 572 2385 610 2405; x_wconf 76' lang='grc' dir='ltr'>ις</span> <span class='ocrx_word' id='word_1_374' title='bbox 642 2375 791 2412; x_wconf 71' lang='lat' dir='ltr'>hamaslat.</span> <span class='ocrx_word' id='word_1_375' title='bbox 822 2387 849 2416; x_wconf 81' lang='lat' dir='ltr'>p.</span> <span class='ocrx_word' id='word_1_376' title='bbox 872 2373 920 2410; x_wconf 57' lang='grc' dir='ltr'>ἐν.</span> <span class='ocrx_word' id='word_1_377' title='bbox 945 2382 993 2413; x_wconf 68' lang='lat'>38.</span> 
     </span>
     <span class='ocr_line' id='line_1_39' title="bbox 373 2415 966 2457; baseline 0.003 -11"><span class='ocrx_word' id='word_1_378' title='bbox 373 2415 388 2449; x_wconf 83' lang='grc'>(</span> <span class='ocrx_word' id='word_1_379' title='bbox 423 2417 435 2451; x_wconf 95' lang='grc'>)</span> <span class='ocrx_word' id='word_1_380' title='bbox 462 2417 514 2447; x_wconf 79' lang='grc' dir='ltr'>Τι’.</span> <span class='ocrx_word' id='word_1_381' title='bbox 538 2418 577 2447; x_wconf 76' lang='lat' dir='ltr'>du</span> <span class='ocrx_word' id='word_1_382' title='bbox 599 2427 682 2448; x_wconf 82' lang='lat' dir='ltr'>coeur.</span> <span class='ocrx_word' id='word_1_383' title='bbox 705 2417 747 2450; x_wconf 85' lang='lat' dir='ltr'>T.</span> <span class='ocrx_word' id='word_1_384' title='bbox 767 2416 809 2448; x_wconf 88' lang='grc' dir='ltr'>ΙΙ.</span> <span class='ocrx_word' id='word_1_385' title='bbox 837 2430 867 2457; x_wconf 80' lang='lat' dir='ltr'>p.</span> <span class='ocrx_word' id='word_1_386' title='bbox 898 2427 966 2453; x_wconf 78' lang='lat'>214.</span> 
     </span>
    </p>
   </div>
  </div>
 </body>
</html>
