1968 2706
397 158 628 213 Morus
687 160 1276 202 PROGREsssithS.
1523 129 1526 133 ’
1591 171 1671 203 201

66 265 224 314 surgenti
253 264 320 303 sint
345 264 579 314 graciliffima.
619 263 664 301 In
691 263 799 301 debili
818 264 952 302 femina
978 262 1061 319 (q)
1085 265 1259 305 diuturno
1281 263 1318 300 in
1336 264 1469 303 morbo
1493 270 1502 308 ',
1536 263 1679 313 sanguis

67 325 112 362 ad
142 326 179 361 id
209 325 300 363 latus
331 324 423 362 adeo
449 325 680 361 vehementer
713 323 911 370 incubuit,
943 336 1017 373 quo
1051 325 1198 376 pondus
1229 323 1422 370 ducebat,
1452 331 1492 363 ut
1523 326 1680 364 omnino

66 395 166 422 mors
188 385 297 428 inde,
326 381 509 435 suppreffo
534 383 716 431 sanguinis
744 383 883 425 reditu,
905 383 1123 432 sequeretur.
1167 385 1196 423 A
1221 384 1396 422 decubitu
1412 386 1450 422 in
1462 384 1650 421 brachium
1668 411 1678 426 ‚

67 442 192 481 amiffo
210 443 327 486 sensu,
349 452 544 491 gangraena
563 443 748 480 celerrime
769 441 948 483 succeffit,
966 451 1007 481 ut
1041 443 1186 483 mumiae
1210 442 1323 480 fimile
1339 445 1544 481 membrum
1558 443 1684 480 misera

69 502 317 541 circumferret
340 501 439 549 (r).
487 498 699 550 Jugularem
719 513 846 540 venam
865 503 1030 540 latiorem
1044 503 1118 540 fieri
1138 532 1148 547 ‚
1180 505 1214 541 &
1230 514 1314 541 cum
1337 503 1410 552 ipsa
1432 504 1593 542 foramen
1620 500 1685 539 offi

69 563 238 610 occipitis
264 562 300 597 δε
327 572 542 609 temporum
578 562 799 611 insculptum
833 591 842 604 ,
873 563 911 599 in
939 562 1070 600 eodem
1105 563 1215 601 latere
1237 589 1248 606 ,
1283 563 1437 610 amplius
1466 570 1588 613 patere
1608 591 1618 605 ,
1648 563 1686 601 in

70 621 171 671 quod
201 620 326 658 solitus
350 620 463 658 fuerit
495 620 611 659 homo
637 629 745 670 caput
763 623 799 658 in
822 621 952 658 sonmo
977 623 1163 670 deponere
1182 651 1191 665 ‚
1218 622 1261 659 ab
1290 624 1464 660 accuratis
1495 621 1687 659 diffet‘tori-

70 681 136 718 bus
161 679 392 717 observatum
423 680 472 717 est
501 681 599 728 (a).
630 680 674 718 In
705 680 769 718 iitu
805 680 937 729 lupino
968 682 1109 730 sanguis
1146 683 1182 719 in
1207 681 1398 720 cerebrum
1434 683 1646 730 congeritur
1674 710 1684 724 ‚

70 750 135 788 per
165 740 307 776 arterias
334 741 431 776 enim
459 739 596 778 facinus
630 741 722 778 subit
751 739 921 777 suntrana
951 739 1126 793 ponderis
1153 740 1346 779 refistrntia
1366 769 1376 785 ,
1406 753 1470 792 per
1489 752 1597 779 venas
1620 748 1690 779 tar-

72 798 153 836 dius
182 799 300 841 redit,
330 799 457 837 demto
480 800 616 837 auxilio
647 801 829 847 gravitatis
867 795 962 848 (b)o

160 856 324 896 Demum
352 870 431 895 eam
457 861 530 896 vim
569 859 742 910 ponderis
771 860 807 895 in
845 855 934 897 vivis
965 857 1178 898 animalibus
1206 860 1318 898 multa
1354 873 1420 911 per
1444 859 1691 910 experimenta

73 916 297 956 confirmavi.
336 916 422 954 Vidi
458 917 672 966 sanguinem
708 914 886 956 veno'l'um
916 920 1080 958 celeriter
1101 921 1144 958 ad
1167 933 1230 958 cor
1257 920 1399 966 redire,
1426 922 1460 959 &
1485 932 1551 972 per
1572 928 1693 958 totum

74 989 248 1014 venarum
271 976 588 1014 mesenterioerum
620 978 770 1026 system]
798 979 974 1025 expedito
997 980 1137 1018 fluento
1161 980 1246 1018 ferri
1281 979 1372 1030 (c).
1401 980 1694 1019 luvertimesen-

75 1037 208 1073 terium
234 1035 268 1071 &
303 1036 402 1079 vidi,
431 1048 514 1073 cuni
542 1048 643 1074 nunc
670 1037 834 1073 intestina
863 1037 952 1075 loco
978 1039 1142 1076 inferiori
1169 1039 1280 1076 essent
1306 1069 1316 1083 ,
1345 1040 1556 1089 sanguinem
1584 1051 1696 1077 veno·

73 1095 152 1133 sum
191 1094 228 1130 &
256 1095 293 1131 in
325 1094 442 1132 reditu
461 1096 633 1132 retardari
653 1124 662 1138 ‚
693 1096 727 1131 &
748 1124 757 1138 ‚
776 1107 898 1144 neque
923 1097 1173 1146 infrequenter
1197 1099 1372 1142 demum,
1394 1101 1549 1137 omnino
1570 1108 1696 1136 contra

78 1161 212 1192 naturae
244 1154 364 1202 iegem
390 1167 409 1191 a
437 1155 551 1193 corde
581 1156 617 1191 in
654 1154 915 1193 mesenterium
941 1156 1050 1194 relabi
1073 1183 1084 1199 ‚
1114 1158 1291 1207 venasque
1314 1159 1532 1196 intestinales
1561 1170 1698 1206 conge-

77 1215 171 1252 stum
203 1212 415 1251 distendere.
463 1214 647 1253 Restituto
678 1226 765 1251 vero
790 1214 911 1253 favore
940 1217 1116 1265 ponderis
1144 1246 1155 1260 ,
1197 1225 1236 1254 ut
1265 1219 1429 1255 intestina
1464 1224 1559 1256 certe
1588 1217 1698 1254 corde

79 1285 158 1310 non
187 1272 382 1310 lnmiliora
410 1272 521 1311 effent
552 1303 562 1318 ,
603 1275 786 1311 continuo
812 1286 920 1311 venas
941 1276 1192 1315 metentericzss
1210 1279 1344 1315 iterum
1363 1278 1552 1320 evacuari,
1583 1277 1698 1314 suum-

79 1344 150 1383 que
181 1333 288 1369 cordi
305 1332 518 1381 sanguinem
546 1333 697 1370 reddere
721 1335 948 1383 experiebar.

168 1390 303 1429 Eadem
333 1398 453 1428 tamen
487 1394 738 1441 experimenta
767 1405 825 1428 me
859 1393 1094 1437 docuerunt,
1136 1396 1170 1432 in
1202 1396 1413 1434 arteriosum
1444 1398 1513 1434 vivi
1539 1395 1702 1434 animalis

82 1451 298 1499 sanguinem
331 1463 459 1499 parum
482 1455 640 1489 omnino
661 1481 671 1495 ‚
702 1459 763 1489 aut
788 1452 879 1488 nihil
903 1454 1103 1503 quidquam
1136 1452 1246 1503 (d),
1273 1457 1454 1503 sanguinis
1487 1454 1702 1504 gravitatem

86 1509 186 1559 posse
213 1522 221 1545 :
252 1521 370 1557 neque
396 1515 462 1546 iter
491 1523 510 1547 a
540 1511 652 1548 corde
680 1511 724 1548 ad
765 1518 949 1549 extremos
977 1514 1141 1552 vasorum
1170 1515 1258 1553 fines
1291 1521 1351 1553 aut
1390 1527 1408 1551 a
1453 1515 1703 1553 consentiente

89 1568 253 1618 pondere
280 1569 496 1612 accelerari,
522 1578 584 1607 aut
609 1583 627 1607 a
658 1571 837 1608 contraria
872 1572 906 1608 vi
935 1574 1183 1620 gravitationis
1211 1575 1283 1611 ulia
1309 1574 1506 1624 conspicua
1530 1576 1702 1624 portione

86 1627 266 1664 retardari.
320 1627 391 1665 Sed
412 1640 535 1677 neque
558 1630 594 1666 in
626 1630 710 1667 vivo
735 1629 890 1667 homine
908 1631 1027 1680 quua
1048 1662 1057 1676 ‚
1091 1635 1127 1670 in
1153 1633 1313 1672 arteriofi
1336 1634 1517 1683 sanguinis
1534 1641 1678 1672 motum
1693 1663 1703 1678 ,

85 1686 260 1738 ponderis
286 1687 439 1734 potestas
472 1686 539 1725 effe
565 1687 708 1725 videtur
725 1715 737 1732 ,
768 1688 813 1726 de
836 1701 911 1738 quo
936 1690 1015 1728 solo
1045 1691 1107 1730 hic
1123 1693 1241 1731 sermo
1266 1693 1325 1731 est.
1375 1693 1419 1730 In
1446 1695 1562 1743 capite
1579 1695 1701 1735 enim,

88 1758 164 1796 quo
193 1746 337 1793 sanguis
365 1752 492 1783 contra
526 1749 720 1799 proprium
752 1748 898 1797 pondus
925 1750 1132 1796 adscendit,
1163 1754 1299 1801 primus
1325 1753 1465 1798 rubor,
1493 1753 1633 1791 facilior
1654 1753 1707 1789 sua

89 1806 185 1848 dor,
217 1805 253 1841 &
283 1806 490 1843 arteriarum
513 1807 693 1856 pulsatio,
723 1808 759 1844 &
789 1807 1085 1848 exanthematum
1105 1813 1139 1848 Sc
1162 1812 1508 1860 haemorrhagiarurr.
1526 1812 1708 1850 familiaris

88 1865 184 1901 sedes
213 1863 260 1899 est
278 1874 291 1900 .·
316 1867 353 1901 in
379 1865 558 1916 pedibus,
587 1878 662 1916 quo
681 1866 823 1915 sanguis
856 1879 921 1916 per
944 1876 1081 1907 aonam
1105 1871 1169 1908 suo
1194 1884 1240 1908 ex
1261 1872 1426 1921 pondere
1447 1871 1601 1914 labitur,
1629 1883 1710 1909 om-

96 1925 155 1961 nia
183 1926 359 1963 contraria
389 1926 612 1975 reperimus,
642 1927 805 1978 primum
827 1927 942 1979 frigus
957 1954 968 1973 2
986 1941 1191 1980 gangraenae
1206 1931 1306 1969 initia
1323 1959 1333 1974 ,
1350 1930 1630 1979 haernorrhagias
1648 1931 1710 1968 vix

1544 2001 1707 2041 unquam

234 2127 248 2161 )
267 2125 284 2155 S
299 2135 322 2156 T
335 2136 354 2155 o
367 2136 388 2158 R
400 2137 416 2155 n
430 2137 449 2156 H
462 2137 478 2156 ε
510 2129 646 2158 Krankm
667 2130 811 2159 marterin
832 2140 862 2169 p.
887 2134 935 2167 64,

231 2167 327 2205 >HJ-2
343 2179 565 2199 UERMANN
582 2170 656 2201 thir.
681 2179 754 2209 cper.
783 2169 822 2201 T.
840 2169 864 2203 1.
887 2178 993 2212 1236.

240 2210 253 2243 )
275 2208 310 2238 L.
334 2209 372 2240 X.
402 2210 585 2241 ostendetur.

236 2251 249 2283 )
275 2248 371 2281 Conf.
392 2251 447 2281 Bo
460 2262 480 2280 N
494 2261 518 2281 D
539 2251 574 2288 of
587 2253 633 2282 the
656 2253 829 2291 night-mare
851 2264 880 2293 p.
904 2263 950 2286 ιο,

270 2290 348 2329 Exp.
368 2303 438 2327 ²04·
467 2296 534 2323 206.
562 2300 631 2330 208.
660 2304 732 2327 217..
752 2301 821 2330 218.
836 2305 907 2327 222,

233 2334 246 2367 )
268 2331 345 2371 Exp.
370 2339 418 2368 58.
440 2340 509 2369 208·

163 2406 311 2452 Haller
336 2407 546 2468 Phffiolog.
582 2414 694 2454 Tom.
724 2416 772 2454 II.

1297 2418 1326 2455 (Ἦ

1355 2433 1374 2454 ‹-

1667 2432 1685 2448 ο
