1968 2706
588 139 773 191 SECT.
815 146 890 189 II.
958 148 1230 189 CRUOR.
1642 161 1702 201 97,

98 262 224 292 TIUS
249 244 330 301 (q)
359 249 446 297 igne
480 243 709 297 exploravit,
744 244 894 294 analyfis
929 242 1073 282 nullum
1105 244 1343 282 memorabile
1377 242 1568 282 discrimen
1596 245 1698 282 inve-⁷

96 315 177 351 nit:
215 310 258 349 Et
281 307 517 351 notissimum,
544 307 606 348 est,
634 306 742 341 etiam
771 306 866 342 inter
890 303 1030 353 plantas
1054 311 1244 341 venenatas
1271 303 1554 347 bella-donnam,
1587 311 1698 353 atque

96 371 279 410 brafficam
299 396 309 411 ‚
323 367 448 406 eadem
470 365 544 402 fere
568 365 745 402 elementa
770 365 808 400 in
825 362 955 413 aualysi
985 362 1254 411 repraesentasse.

81 421 84 423 ¹
183 431 274 468 Non
308 426 391 464 ideo
425 423 579 472 analyses
612 423 796 471 sanguinis
828 423 981 460 utilitate
1009 422 1068 459 sua
1100 416 1375 465 destituuntu-r,'
1402 420 1491 460 dum
1517 421 1698 471 sapienter

97 491 306 528 noverim-us
346 484 422 533 spes
460 482 596 520 nostras
632 481 824 525 recidere,
866 493 987 531 neque
1031 481 1136 529 plura
1179 480 1340 524 docere,
1382 493 1491 531 quam
1520 493 1540 519 a
1569 487 1695 518 natura

98 549 275 587 discimus.
316 541 485 582 Ostendit
511 542 629 590 ignis,
671 552 749 578 non
773 540 921 590 quidem
945 540 1054 582 sales,
1085 551 1163 577 non
1195 552 1282 588 pura
1310 541 1348 576 in
1383 540 1555 589 sanguine
1584 540 1692 582 olea,

97 609 158 646 sed
189 607 343 655 pingues
374 609 494 656 tamen
526 602 563 637 in
592 601 765 649 sanguine
798 600 990 652 particulas
1022 598 1089 636 effe
1126 599 1279 648 aliasque
1314 600 1362 636 ita
1392 599 1618 642 fabrefae‘tas,
1657 607 1700 636 ut

85 666 216 704 addita
246 669 344 702 certa
374 661 469 710 ignis
493 661 528 697 vi
563 662 602 696 in
634 659 800 697 urinosos
840 659 924 697 sales
961 658 1149 696 transeant.
1192 657 1262 695 Sed
1303 660 1412 695 etiam
1450 658 1536 696 ferri
1563 666 1696 696 terram

96 726 189 774 ignis
235 722 429 771 deoperit:
476 721 670 756 certiorem
715 719 840 762 istam,
874 730 960 756 cum
997 718 1042 755 de
1076 716 1250 755 foffilium
1297 728 1420 754 rerum
1456 730 1590 765 genere
1626 718 1698 761 fit,

95 794 251 833 quarum
281 780 403 817 multae
433 778 567 827 absque
595 790 726 826 magna
760 777 1046 826 degeneratione
1078 778 1171 825 ignis
1204 776 1416 814 violentiam
1456 778 1585 814 ferunt.

181 840 328 880 Deinde
351 838 395 876 ad
419 838 637 875 morborum
670 838 898 874 curationem
925 836 1062 885 aliquid
1091 843 1212 873 tamen
1243 834 1395 885 praefidii
1427 837 1463 872 in
1486 835 1615 885 analyfi
1639 836 1695 872 est.

95 900 144 939 Ea
178 913 247 938 nos
281 900 391 936 docet
417 896 553 933 febrem
584 896 740 944 aliquam
770 905 906 945 partem
935 897 1010 943 ejus
1034 894 1178 933 effestus
1208 895 1434 944 producere,
1465 906 1574 943 quem
1608 897 1701 942 ignis

96 959 255 998 efficacia
296 964 473 1005 generat,
513 953 639 992 salium
675 961 771 992 certe
805 955 1036 992 urinosorum
1073 955 1253 992 evidentia
1292 955 1440 1003 vestigia
1472 949 1580 1004 [r],
1619 955 1700 990 olea

94 1019 254 1057 ambusta
285 1017 320 1054 δε
347 1014 462 1052 faetida
488 1007 595 1064 [s],
627 1025 727 1063 aquae
756 1014 973 1051 diminutam
999 1015 1219 1065 portionem.
1261 1013 1350 1051 Inde
1383 1026 1449 1063 per
1473 1023 1698 1064 comparatas

94 1078 294 1127 prudenter
330 1073 510 1122 sanguinis
542 1072 587 1109 de
621 1072 705 1110 sano
730 1072 907 1114 homine,
936 1074 972 1109 ἃ
1014 1072 1152 1109 cruoris
1183 1073 1229 1111 de
1256 1073 1433 1111 febriente
1463 1085 1565 1122 aegro
1592 1073 1700 1110 sumti

94 1136 252 1186 analyses
281 1133 443 1176 constat,
465 1131 604 1170 febrem
632 1132 681 1169 ita
713 1132 924 1180 sanguinem
946 1137 1098 1173 mutare,
1118 1138 1158 1168 ut
1186 1131 1313 1169 eadem
1335 1134 1386 1169 vis
1417 1134 1522 1182 ignis,
1543 1132 1623 1181 plus
1649 1132 1698 1168 sa-

95 1195 209 1238 lium,
247 1195 330 1246 plus
370 1193 538 1230 oleorum
572 1189 618 1228 de
657 1190 737 1229 data
777 1190 959 1238 sanguinis
993 1191 1100 1238 copia
1139 1190 1290 1233 educat,
1334 1203 1444 1240 quam
1477 1192 1616 1230 solebat
1651 1191 1696 1227 de

94 1255 167 1291 sani
195 1253 355 1291 hominis
386 1248 556 1298 sanguine
580 1249 744 1287 educere.
787 1249 924 1292 Nunc,
950 1247 976 1285 fi
1008 1250 1042 1285 ἃ
1079 1248 1252 1287 humores
1286 1249 1520 1289 febrientium
1567 1251 1699 1301 absque

94 1315 181 1361 igne
213 1310 452 1355 confiderati,
484 1309 519 1346 ἅν
550 1320 678 1346 eorum
706 1321 770 1358 per
792 1309 917 1357 ignem
949 1306 1192 1345 resolutorum
1226 1309 1403 1347 elementa
1436 1311 1696 1352 consentiunt,

94 1372 274 1409 humanos
302 1371 474 1407 humores
497 1370 534 1405 in
566 1367 666 1405 febre
692 1369 736 1406 ad
764 1367 952 1405 alcalinam
982 1366 1147 1404 indolem
1180 1368 1400 1417 degenerare
1417 1398 1426 1413 ,
1462 1371 1613 1407 minime
1632 1371 1698 1406 im-

93 1430 292 1480 probabilis
323 1427 528 1474 conjedtura
550 1427 729 1471 nascitur,
759 1427 853 1464 hanc
885 1427 1208 1475 degenerationem
1235 1439 1273 1465 ea
1304 1428 1464 1468 remedia
1486 1429 1551 1466 fibi
1574 1428 1700 1480 posce-

94 1502 154 1532 re,
183 1501 260 1538 quae
299 1488 463 1536 alioquin
488 1486 612 1523 salium
651 1487 821 1524 alcalium
850 1485 1100 1523 evolutionem
1127 1486 1288 1529 tardant,
1324 1499 1454 1536 aquam
1472 1515 1484 1532 ‚
1515 1486 1700 1537 quietem,

94 1549 178 1585 sales
206 1548 339 1585 acidos.
384 1546 435 1583 lta
469 1545 701 1592 adgnoscitur
730 1545 879 1594 quidem
914 1557 959 1581 ex
996 1546 1135 1582 minori
1164 1544 1405 1593 globulorum
1443 1548 1488 1585 ad
1526 1546 1701 1595 reliquam

94 1608 275 1654 sanguinis
304 1612 442 1654 partem
464 1605 629 1646 ratione,
656 1615 702 1640 ex
729 1604 902 1640 tenuitate
926 1602 1019 1640 adeo
1047 1603 1082 1639 &
1113 1603 1289 1641 decolore
1325 1605 1484 1654 pallore,
1512 1606 1594 1642 ferri
1616 1617 1702 1654 por·

94 1669 235 1703 tionem
272 1664 316 1701 ad
348 1664 531 1712 reliquum
565 1662 803 1709 sanguinem,
838 1664 874 1698 in
911 1662 1088 1699 debilibus
1117 1663 1221 1710 aegris
1257 1663 1294 1700 &
1324 1664 1361 1700 in
1393 1665 1604 1703 chloroticis
1635 1666 1702 1701 mi-

92 1727 166 1762 nui.
219 1722 324 1761 Nihil
359 1721 422 1759 hic
453 1720 649 1770 simplicius
686 1720 857 1763 videtur,
898 1732 1006 1769 quam
1046 1720 1142 1758 ferro
1174 1721 1240 1759 isto
1278 1725 1476 1771 propinato
1519 1724 1702 1773 sanguinis

94 1784 309 1833 temperiem
338 1781 534 1818 restituere.
583 1779 714 1829 Neque
737 1778 968 1818 Clinicorum
1005 1780 1229 1829 experientia
1256 1780 1422 1821 diffentit.

567 1902 599 1943 5.
635 1897 806 1937 XXXV.
872 1893 997 1952 Aqua
1021 1894 1236 1953 Jungzcinz's,

189 2018 226 2056 Si
252 2019 289 2055 in
311 2016 443 2066 analyfi
469 2014 587 2065 aliqua
620 2016 669 2053 est
698 2016 851 2060 utilium,
889 2015 1160 2056 adtendendum
1191 2028 1279 2067 ergo
1300 2019 1347 2057 est
1372 2019 1417 2058 ad
1442 2018 1705 2071 phaenomena,

97 2090 176 2128 quae
201 2079 279 2132 *viri
310 2080 347 2114 in
378 2084 451 2115 arte
483 2076 591 2125 periti
611 2075 705 2113 nasci
742 2076 935 2120 viderunt,
961 2077 1109 2127 quando
1137 2077 1234 2126 ignis
1256 2079 1330 2116 vim
1360 2079 1405 2118 ad
1433 2078 1615 2128 sanguinis
1648 2093 1708 2118 na-

1593 2147 1711 2179 turam

177 2251 240 2289 (q)
261 2248 381 2280 Citatus
405 2260 423 2280 a
458 2248 500 2279 D.
526 2247 684 2280 Loium
716 2256 754 2280 tr.
778 2252 823 2280 des
845 2251 960 2281 alimens
983 2247 1025 2281 Τ.
1049 2247 1092 2281 ΙῘ.
1119 2261 1149 2290 p.
1180 2262 1226 2290 ςο.
1250 2262 1349 2291 neque
1377 2252 1459 2283 enim
1483 2262 1565 2285 nunc
1589 2255 1627 2286 ad
1645 2267 1708 2287 ma.

99 2302 155 2324 ‘ms
179 2294 246 2369 ἓξ.)
272 2330 364 2361 Aci-es
384 2331 459 2361 sales
479 2337 574 2361 vocat
598 2333 625 2360 ὃ(
645 2331 740 2376 sulfur
765 2330 813 2363 Cl.
833 2332 861 2363 H
875 2344 898 2364 U
914 2343 933 2364 x
949 2343 968 2364 H
981 2343 1041 2365 ΑΜ
1059 2331 1125 2374 flare
1148 2335 1253 2366 throat.
1268 2346 1305 2374 p.
1336 2341 1384 2372 58.

181 2378 240 2409 (s)
262 2372 352 2402 Conf.
378 2382 411 2401 n.
435 2382 483 2409 29.
500 2372 610 2402 deinde
636 2377 718 2410 seqq.
742 2382 770 2403 n.
788 2380 834 2407 38.

164 2433 311 2479 Haller
357 2433 567 2492 Plzyfiolog.
617 2438 726 2476 Tom.
764 2439 807 2478 Π.
1258 2443 1296 2481 N
