1968 2706
0 398 48 447 A
0 186 51 384 'WJW
0 0 63 173 (Q

285 165 490 220 SECT.
526 172 615 217 IV.
667 171 965 213 PAR‘rinM
1002 166 1491 209 PROPORT10&c.
1638 170 1719 220 ‘145

124 292 161 319 ca
195 278 286 327 (a)
317 275 361 313 ad
389 280 545 324 quatuor
574 271 757 309 elementa
779 297 788 310 ,
823 274 980 317 quatuor
1005 267 1109 303 etiam
1135 265 1171 301 in
1202 263 1375 311 sanguine
1398 263 1569 300 humores
1596 266 1725 314 posue,

122 347 195 383 rat,
226 339 288 387 qui
328 334 516 372 elementis
546 328 816 379 responderent.
880 325 979 374 Ergo
1005 325 1135 362 medici
1169 319 1351 370 sanguinis
1378 324 1416 359 in
1446 324 1563 360 varios
1592 325 1724 362 humo-

125 411 179 436 res
222 394 454 434 seceffionem
490 387 763 437 contemplati,
802 397 881 435 quae
905 385 1033 434 sponte
1060 384 1122 427 fit,
1154 377 1267 420 bilem
1294 384 1331 419 iu
1357 382 1551 431 sanguine,
1583 395 1601 420 a
1630 384 1724 422 flavo

125 458 282 500 colore,
314 454 484 491 dixerunt
514 460 644 499 aquam
672 458 770 489 eam,
801 456 880 494 quae
905 445 1082 493 placentae
1108 440 1310 490 sanguineae
1348 443 1512 484 innatat,
1542 454 1724 492 quamque

126 517 240 554 serum
266 511 420 551 dicimus
439 535 449 553 ‚
471 521 580 558 quam
609 506 778 544 eamdem
806 506 842 541 in
862 505 1014 553 proprio
1045 502 1110 539 suo
1134 501 1363 550 receptaculo
1390 502 1650 544 meracffirem,
1678 503 1725 538 se-

127 577 182 612 rio
219 573 300 610 bilis
326 580 465 607 nornen
490 565 834 605 mereri-tenebant.
876 562 991 601 Porro
1014 556 1246 615 sanguinem
1275 566 1476 602 vocarunt,
1504 562 1567 609 qui
1598 561 1660 598 suo
1691 561 1725 599 se

125 635 258 671 rubore
283 628 503 680 prodit‚.&
523 637 634 676 quem
665 623 896 674 peculiariter
927 633 1097 659 cruorem
1128 619 1295 656 diximus.
1332 622 1471 668 Aquam
1491 644 1502 662 ,
1525 631 1608 667 quae
1639 632 1726 669 prae.

126 691 276 741 cipuum
307 690 436 737 utique
479 687 516 724 &
546 685 748 734 sanguinis,
783 683 819 720 δι
859 680 1014 719 aliorum
1046 680 1246 717 humorum
1276 679 1423 715 animati
1459 680 1623 726 corporis
1652 679 1723 717 ele-⁷

125 757 290 788 mentum
329 748 379 784 est
401 772 413 789 ,
443 743 665 794 phlegmatis
688 743 840 780 nomine
868 740 1153 788 defignaverunt.
1201 736 1372 786 Denique
1394 767 1403 781 ,
1427 749 1472 773 ne
1503 736 1635 775 deeffet
1660 738 1728 775 hu-

125 821 231 850 mor,
263 807 326 857 qui
357 813 475 845 rerrae
500 806 593 840 inter
623 803 802 842 elementa
828 798 1084 849 responderet,
1115 804 1246 835 otram
1276 797 1386 833 bilem
1425 797 1518 833 inter
1547 796 1727 845 sanguinis

125 865 327 918 praecipuas
349 870 469 914 partes
495 862 739 904 admiserunt,
763 860 892 898 tristius
917 870 1051 908 nempe
1082 857 1283 896 coloratam
1316 855 1414 892 illam
1445 854 1625 902 sanguinis
1653 857 1729 893 sen-

126 929 236 965 tinam
265 954 275 971 ,
318 936 398 974 quae
425 921 558 960 vasculi
586 920 743 959 fundum
781 919 996 967 contingit,
1048 928 1122 966 quo
1161 927 1269 954 cruor
1308 916 1519 954 continetur
1555 925 1568 959 3
1614 915 1730 963 cujus-

125 985 229 1023 modi
258 985 366 1021 etiam
390 982 581 1019 materiem
607 980 750 1026 vomitu
781 977 882 1025 rejici
911 977 1105 1018 viderunt,
1140 975 1176 1012 &
1202 986 1276 1025 quo
1307 977 1459 1012 nomine
1484 976 1730 1014 recentiorum

127 1044 356 1081 medicorum
381 1041 492 1088 aliqui
518 1049 602 1077 eum
632 1039 846 1086 sanguinem
883 1036 1038 1084 dignum
1066 1034 1228 1083 judicant
1250 1059 1261 1080 ,
1296 1036 1359 1084 qui
1384 1034 1446 1071 diu
1466 1036 1505 1071 in
1531 1033 1616 1072 vafis
1650 1046 1730 1072 cor-0

127 1105 227 1152 poris
253 1102 404 1139 humani
429 1096 604 1146 stagnavit
634 1092 733 1144 (h).
790 1094 897 1132 Hanc
936 1095 1041 1143 super
1079 1093 1258 1130 theoriam
1294 1105 1389 1142 pene
1421 1100 1535 1132 totam
1561 1094 1731 1143 patholo-

128 1164 225 1211 giam
243 1189 253 1204 ,
278 1161 314 1197 &
344 1159 571 1196 curationem
602 1157 753 1193 demum
785 1155 1003 1191 morborum
1031 1152 1320 1194 aedificaverunt,
1349 1153 1465 1190 &alia
1489 1153 1731 1191 medicamen,

128 1229 163 1259 tu
188 1218 456 1258 affirmaverunt
487 1216 615 1254 flavam
639 1214 752 1252 bilem
778 1243 788 1258 ,
819 1213 887 1251 alia
910 1221 1022 1251 atram
1055 1212 1211 1250 educere
1244 1223 1251 1247 :
1290 1209 1357 1249 effe
1390 1213 1497 1250 etiarn
1521 1223 1602 1262 quae
1629 1212 1732 1262 phle-

131 1292 215 1329 gma
242 1275 476 1326 peculiariter
504 1281 722 1324 expurgent.

227 1337 338 1375 Nunc
368 1348 412 1372 ex
444 1334 619 1382 ejusmodi
652 1340 809 1382 quatuor
841 1330 1057 1370 humoribus
1087 1328 1298 1378 sanguinem
1335 1331 1476 1378 ajebant
1504 1332 1731 1379 temperari,

129 1397 332 1444 justamque
352 1396 523 1432 omnium
549 1394 815 1441 principiorum
841 1388 1134 1429 commistionem
1159 1388 1448 1436 perfectissimum
1472 1395 1735 1438 temperamen-

130 1463 209 1492 tum
239 1453 381 1492 efficere
414 1467 422 1499 ;
458 1451 481 1488 fi
522 1464 608 1489 vero
651 1461 713 1489 aut
741 1451 883 1499 sanguis
905 1450 1006 1499 supra
1041 1449 1243 1495 legitimam
1277 1448 1374 1486 suam
1412 1449 1510 1497 quafi
1550 1450 1651 1487 dosm
1692 1463 1733 1487 a-

131 1514 316 1552 bundaret
340 1542 349 1556 ‚
386 1511 454 1549 five
486 1510 566 1548 bilis
601 1539 611 1554 ,
648 1510 719 1548 five
758 1518 851 1548 terra
884 1535 896 1557 ‚
929 1516 1049 1546 atrave
1077 1507 1157 1544 bilis
1186 1535 1196 1549 ,
1230 1506 1300 1544 five
1332 1505 1505 1558 phlegma
1532 1538 1541 1551 ‚
1577 1517 1734 1558 quatuor

132 1580 223 1610 tunc
253 1571 450 1620 fimplicia,
481 1571 516 1606 ὃς
550 1571 730 1619 ptaecipua
754 1574 1039 1612 temperamenta
1070 1566 1214 1614 ajebant
1243 1566 1356 1607 oriri,
1375 1578 1392 1602 a
1410 1566 1489 1603 bilis
1518 1568 1734 1605 abundantia

133 1632 386 1673 cholericum,
416 1631 458 1667 ab
498 1641 598 1677 aquae
632 1629 794 1666 ubertate
828 1627 1116 1676 phlegmaticum
1138 1650 1151 1668 ,
1177 1637 1195 1662 a
1224 1623 1405 1673 sanguinis
1429 1626 1526 1664 aurfta
1562 1629 1735 1675 portione

132 1691 396 1738 sanguineum,
429 1690 464 1725 ἃ
494 1688 650 1736 denique
678 1700 697 1723 a
730 1688 837 1735 copia
866 1693 946 1723 atrae
969 1685 1049 1722 bilis
1081 1683 1400 1721 melancholicum-

217 1747 354 1786 Contra
393 1747 472 1784 haec
503 1748 616 1784 totius
651 1745 843 1783 medicinae
873 1743 1111 1781 fundamenta
1146 1743 1239 1779 varia
1264 1743 1460 1792 equidem,
1489 1752 1593 1782 acute
1619 1744 1694 1781 satis
1721 1774 1730 1787 ‚

134 1813 328 1845 monuerat
353 1805 382 1855 J.
417 1801 597 1859 Baprg'sla
621 1803 656 1842 H
670 1816 688 1841 Ε
702 1815 723 1841 L
737 1817 802 1843 mo
818 1817 841 1841 N
857 1816 881 1841 T
897 1815 907 1842 1
924 1816 948 1841 u
964 1813 982 1840 s
1011 1796 1107 1849 (d)
1125 1830 1133 1843 ‚
1168 1808 1209 1839 ut
1227 1807 1347 1839 tamen
1371 1803 1508 1840 medici
1529 1803 1736 1841 clanculum

134 1868 264 1905 veteris
277 1865 410 1904 scholae
429 1865 559 1915 placita
575 1871 772 1914 pergerent
792 1875 920 1901 amare.
957 1861 1053 1899 Nam
1079 1857 1192 1898 W'n„
1206 1870 1329 1898 LISII
1357 1860 1419 1909 (e)
1435 1863 1612 1910 principia
1636 1862 1734 1911 spiri-

1657 1929 1734 1958 tum

216 2076 283 2111 (a)
310 2077 354 2105 De
376 2074 514 2103 elementis
539 2071 573 2102 L.
592 2070 627 2102 ΙΙ.
644 2081 669 2101 c.
686 2082 712 2102 2.
743 2073 776 2102 cle
798 2078 863 2102 atra
890 2070 943 2101 hile
967 2080 989 2099 c.
1016 2079 1043 2099 2.
1070 2067 1163 2098 Conf.
1188 2068 1212 2098 A
1225 2077 1244 2098 v
1260 2078 1271 2097 1
1286 2077 1327 2098 cr
1339 2077 1360 2097 u
1372 2076 1394 2096 N
1407 2076 1427 2096 A
1439 2077 1468 2097 M
1492 2071 1560 2100 En.
1581 2068 1602 2100 Ι.
1618 2071 1737 2105 ιίοὸῑνὶη.

136 2113 192 2146 IV.
223 2115 241 2146 S
253 2125 276 2145 A
287 2126 308 2145 N
321 2126 338 2144 o
352 2124 374 2145 Τ
389 2125 405 2144 o
420 2125 441 2145 R
452 2125 464 2144 r
477 2124 499 2144 U
514 2124 543 2144 m
554 2123 612 2151 que
637 2111 669 2142 in
695 2112 778 2142 idem
798 2115 866 2144 Fen.
893 2110 987 2151 Quasi.
1004 2109 1103 2140 LXV.
1122 2108 1218 2141 LXX.
1236 2116 1287 2139 aut
1308 2109 1331 2139 F
1342 2119 1358 2139 ῑ
1369 2118 1390 2139 Ρ.
1400 2118 1421 2137 N
1433 2119 1475 2138 er„
1487 2120 1498 2139 1
1511 2121 1535 2140 U
1547 2122 1574 2141 M
1593 2113 1737 2152 plystolog.

135 2155 170 2186 L.
183 2156 238 2188 VI.
262 2167 287 2188 c.
304 2163 333 2191 8.
361 2162 412 2186 aut
437 2157 504 2201 fere
524 2155 662 2195 primum
683 2163 839 2192 quemque
860 2164 877 2184 a
905 2153 932 2184 G
942 2164 963 2183 A
973 2164 991 2184 L
1003 2162 1019 2184 Ε
1031 2162 1052 2182 N
1064 2160 1084 2181 o
1107 2150 1146 2181 ad
1168 2150 1197 2183 H
1207 2160 1224 2181 ε
1237 2161 1256 2181 L
1268 2160 1298 2182 M
1311 2159 1329 2181 o
1341 2160 1363 2180 N
1375 2157 1399 2181 u*
1410 2161 1422 2180 ι
1435 2159 1457 2181 U
1468 2161 1498 2183 M
1532 2152 1712 2193 scriptorem
1727 2177 1736 2188 ,

137 2207 190 2235 qui
212 2208 244 2228 in
266 2207 372 2228 manus
391 2202 521 2228 venerit.

214 2240 286 2274 (b)
307 2238 461 2269 senae
483 2236 525 2268 T.
548 2235 595 2266 ΙΙ.
622 2243 737 2275 p.266.

221 2280 284 2314 (c)
310 2279 403 2310 Conf.
436 2278 462 2309 G
475 2289 495 2307 A
511 2288 528 2306 L
544 2288 559 2308 E
576 2288 596 2307 N
614 2288 636 2308 U
651 2288 680 2308 M
707 2278 740 2306 de
761 2277 897 2307 elementis
917 2276 973 2306 dcc.

223 2322 237 2356 (
252 2322 296 2356 d)
320 2319 513 2357 Humoristar.
540 2318 651 2357 paffi'va
682 2320 807 2357 deceptio.

213 2363 283 2411 ge)
319 2364 362 2391 De
381 2359 507 2398 febribus
527 2370 552 2391 c.
580 2372 604 2390 r.
627 2371 657 2392 z..

200 2458 345 2503 Haller
391 2457 599 2519 Plzystolog.
631 2436 757 2500 *Tone
794 2460 837 2498 11.
1286 2456 1320 2494 T
