<?xml version="1.0" encoding="UTF-8"?>
<!DOCTYPE html PUBLIC "-//W3C//DTD XHTML 1.0 Transitional//EN"
    "http://www.w3.org/TR/xhtml1/DTD/xhtml1-transitional.dtd">
<html xmlns="http://www.w3.org/1999/xhtml" xml:lang="en" lang="en">
 <head>
  <title>
</title>
<meta http-equiv="Content-Type" content="text/html;charset=utf-8" />
  <meta name='ocr-system' content='tesseract 3.04.00' />
  <meta name='ocr-capabilities' content='ocr_page ocr_carea ocr_par ocr_line ocrx_word'/>
</head>
<body>
  <div class='ocr_page' id='page_1' title='image "./elementaphysiolo02hall_0453.png"; bbox 0 0 1968 2706; ppageno 0'>
   <div class='ocr_carea' id='block_1_1' title="bbox 446 148 1751 203">
    <p class='ocr_par' dir='ltr' id='par_1_1' title="bbox 446 148 1751 203">
     <span class='ocr_line' id='line_1_1' title="bbox 446 148 1751 203; baseline 0 -5"><span class='ocrx_word' id='word_1_1' title='bbox 446 154 957 199; x_wconf 74' lang='lat' dir='ltr'>DIVERSITATIS</span> <span class='ocrx_word' id='word_1_2' title='bbox 999 153 1375 196; x_wconf 72' lang='lat' dir='ltr'><strong>HUMO⁷‘U.M</strong></span> <span class='ocrx_word' id='word_1_3' title='bbox 1500 148 1506 154; x_wconf 73' lang='grc'><strong>’</strong></span> <span class='ocrx_word' id='word_1_4' title='bbox 1669 164 1751 203; x_wconf 55' lang='grc'>4137</span> 
     </span>
    </p>
   </div>
   <div class='ocr_carea' id='block_1_2' title="bbox 89 250 1768 2095">
    <p class='ocr_par' dir='ltr' id='par_1_2' title="bbox 105 250 1742 963">
     <span class='ocr_line' id='line_1_2' title="bbox 113 250 1742 304; baseline 0 -13"><span class='ocrx_word' id='word_1_5' title='bbox 113 255 201 293; x_wconf 83' lang='lat' dir='ltr'>alius</span> <span class='ocrx_word' id='word_1_6' title='bbox 233 252 369 293; x_wconf 69' lang='lat' dir='ltr'>humor</span> <span class='ocrx_word' id='word_1_7' title='bbox 407 254 659 304; x_wconf 82' lang='lat' dir='ltr'>separabitur,</span> <span class='ocrx_word' id='word_1_8' title='bbox 689 252 714 291; x_wconf 83' lang='lat' dir='ltr'>si</span> <span class='ocrx_word' id='word_1_9' title='bbox 753 253 819 292; x_wconf 79' lang='lat' dir='ltr'>alia</span> <span class='ocrx_word' id='word_1_10' title='bbox 858 253 990 292; x_wconf 83' lang='lat' dir='ltr'>canalis</span> <span class='ocrx_word' id='word_1_11' title='bbox 1022 253 1205 292; x_wconf 88' lang='lat' dir='ltr'>secretorii</span> <span class='ocrx_word' id='word_1_12' title='bbox 1244 254 1281 290; x_wconf 87' lang='lat' dir='ltr'>in</span> <span class='ocrx_word' id='word_1_13' title='bbox 1323 250 1458 290; x_wconf 85' lang='lat' dir='ltr'>ostiolo</span> <span class='ocrx_word' id='word_1_14' title='bbox 1491 250 1554 289; x_wconf 77' lang='lat' dir='ltr'>suo</span> <span class='ocrx_word' id='word_1_15' title='bbox 1587 251 1742 291; x_wconf 73' lang='lat' dir='ltr'>densitas</span> 
     </span>
     <span class='ocr_line' id='line_1_3' title="bbox 112 311 1742 364; baseline -0.001 -13"><span class='ocrx_word' id='word_1_16' title='bbox 112 313 237 352; x_wconf 86' lang='lat' dir='ltr'>fuerat.</span> <span class='ocrx_word' id='word_1_17' title='bbox 303 314 405 353; x_wconf 85' lang='lat' dir='ltr'>Pone</span> <span class='ocrx_word' id='word_1_18' title='bbox 430 313 635 352; x_wconf 78' lang='lat' dir='ltr'>densiorem</span> <span class='ocrx_word' id='word_1_19' title='bbox 665 313 760 357; x_wconf 86' lang='lat' dir='ltr'>esse,</span> <span class='ocrx_word' id='word_1_20' title='bbox 789 312 923 351; x_wconf 76' lang='lat' dir='ltr'>resistet</span> <span class='ocrx_word' id='word_1_21' title='bbox 950 315 1065 363; x_wconf 85' lang='lat' dir='ltr'>magis</span> <span class='ocrx_word' id='word_1_22' title='bbox 1100 311 1263 362; x_wconf 85' lang='lat' dir='ltr'>impulsis</span> <span class='ocrx_word' id='word_1_23' title='bbox 1302 312 1488 364; x_wconf 84' lang='lat' dir='ltr'>particulis</span> <span class='ocrx_word' id='word_1_24' title='bbox 1506 340 1516 354; x_wconf 91' lang='lat'>‚</span> <span class='ocrx_word' id='word_1_25' title='bbox 1554 311 1590 348; x_wconf 68' lang='grc' dir='ltr'>δε</span> <span class='ocrx_word' id='word_1_26' title='bbox 1624 315 1742 360; x_wconf 78' lang='lat' dir='ltr'>majo-</span> 
     </span>
     <span class='ocr_line' id='line_1_4' title="bbox 112 364 1739 422; baseline 0 -12"><span class='ocrx_word' id='word_1_27' title='bbox 112 385 166 412; x_wconf 85' lang='lat' dir='ltr'>res</span> <span class='ocrx_word' id='word_1_28' title='bbox 190 373 417 421; x_wconf 81' lang='lat' dir='ltr'>repudiabit,</span> <span class='ocrx_word' id='word_1_29' title='bbox 441 384 520 412; x_wconf 86' lang='lat' dir='ltr'>tum</span> <span class='ocrx_word' id='word_1_30' title='bbox 544 373 726 421; x_wconf 86' lang='lat' dir='ltr'>segniores</span> <span class='ocrx_word' id='word_1_31' title='bbox 750 372 976 422; x_wconf 81' lang='lat' dir='ltr'>levioresque</span> <span class='ocrx_word' id='word_1_32' title='bbox 1000 387 1009 416; x_wconf 81' lang='lat'>3</span> <span class='ocrx_word' id='word_1_33' title='bbox 1038 372 1207 411; x_wconf 84' lang='lat' dir='ltr'>admittet</span> <span class='ocrx_word' id='word_1_34' title='bbox 1235 372 1408 421; x_wconf 81' lang='lat' dir='ltr'>aquosas,</span> <span class='ocrx_word' id='word_1_35' title='bbox 1427 364 1595 409; x_wconf 77' lang='lat' dir='ltr'>admittet</span> <span class='ocrx_word' id='word_1_36' title='bbox 1619 374 1739 410; x_wconf 83' lang='lat' dir='ltr'>mino-</span> 
     </span>
     <span class='ocr_line' id='line_1_5' title="bbox 111 432 1739 484; baseline -0.001 -13"><span class='ocrx_word' id='word_1_37' title='bbox 111 445 167 472; x_wconf 82' lang='lat' dir='ltr'>res</span> <span class='ocrx_word' id='word_1_38' title='bbox 182 464 191 477; x_wconf 94' lang='lat'><strong>‚</strong></span> <span class='ocrx_word' id='word_1_39' title='bbox 218 434 281 475; x_wconf 72' lang='lat' dir='ltr'>has</span> <span class='ocrx_word' id='word_1_40' title='bbox 316 433 400 484; x_wconf 85' lang='lat' dir='ltr'>quia</span> <span class='ocrx_word' id='word_1_41' title='bbox 423 433 555 482; x_wconf 81' lang='lat' dir='ltr'>absque</span> <span class='ocrx_word' id='word_1_42' title='bbox 581 432 795 471; x_wconf 81' lang='lat' dir='ltr'>dilatatione</span> <span class='ocrx_word' id='word_1_43' title='bbox 818 432 989 477; x_wconf 86' lang='lat' dir='ltr'>subeunt,</span> <span class='ocrx_word' id='word_1_44' title='bbox 1009 433 1089 472; x_wconf 80' lang='lat' dir='ltr'>istas</span> <span class='ocrx_word' id='word_1_45' title='bbox 1104 461 1114 475; x_wconf 91' lang='lat'>‚</span> <span class='ocrx_word' id='word_1_46' title='bbox 1133 433 1216 482; x_wconf 84' lang='lat' dir='ltr'>quia</span> <span class='ocrx_word' id='word_1_47' title='bbox 1240 432 1383 478; x_wconf 62' lang='lat' dir='ltr'>majori</span> <span class='ocrx_word' id='word_1_48' title='bbox 1399 438 1594 470; x_wconf 87' lang='lat' dir='ltr'>momento</span> <span class='ocrx_word' id='word_1_49' title='bbox 1617 433 1656 468; x_wconf 91' lang='lat' dir='ltr'>in</span> <span class='ocrx_word' id='word_1_50' title='bbox 1681 444 1739 470; x_wconf 82' lang='lat' dir='ltr'>ca-</span> 
     </span>
     <span class='ocr_line' id='line_1_6' title="bbox 110 490 1737 545; baseline 0 -15"><span class='ocrx_word' id='word_1_51' title='bbox 110 493 200 531; x_wconf 78' lang='lat' dir='ltr'>nalis</span> <span class='ocrx_word' id='word_1_52' title='bbox 228 494 411 532; x_wconf 86' lang='lat' dir='ltr'>secretorii</span> <span class='ocrx_word' id='word_1_53' title='bbox 441 491 616 531; x_wconf 80' lang='lat' dir='ltr'>ostiolum</span> <span class='ocrx_word' id='word_1_54' title='bbox 646 493 826 531; x_wconf 75' lang='lat' dir='ltr'>nituntur.</span> <span class='ocrx_word' id='word_1_55' title='bbox 891 492 1029 531; x_wconf 81' lang='lat' dir='ltr'>Contra</span> <span class='ocrx_word' id='word_1_56' title='bbox 1067 504 1168 545; x_wconf 87' lang='lat' dir='ltr'>pone</span> <span class='ocrx_word' id='word_1_57' title='bbox 1195 491 1321 529; x_wconf 76' lang='lat' dir='ltr'>laxum</span> <span class='ocrx_word' id='word_1_58' title='bbox 1369 490 1544 529; x_wconf 84' lang='lat' dir='ltr'>ostiolum</span> <span class='ocrx_word' id='word_1_59' title='bbox 1579 491 1737 530; x_wconf 82' lang='lat' dir='ltr'>secreto-</span> 
     </span>
     <span class='ocr_line' id='line_1_7' title="bbox 111 549 1735 604; baseline -0.001 -14"><span class='ocrx_word' id='word_1_60' title='bbox 111 555 207 591; x_wconf 78' lang='lat' dir='ltr'>rium</span> <span class='ocrx_word' id='word_1_61' title='bbox 229 581 239 597; x_wconf 92' lang='lat'>‚</span> <span class='ocrx_word' id='word_1_62' title='bbox 271 554 392 591; x_wconf 86' lang='lat' dir='ltr'>minus</span> <span class='ocrx_word' id='word_1_63' title='bbox 418 552 552 604; x_wconf 81' lang='lat' dir='ltr'>resistet</span> <span class='ocrx_word' id='word_1_64' title='bbox 575 553 704 602; x_wconf 78' lang='lat' dir='ltr'>utique</span> <span class='ocrx_word' id='word_1_65' title='bbox 731 552 889 603; x_wconf 88' lang='lat' dir='ltr'>impulso</span> <span class='ocrx_word' id='word_1_66' title='bbox 920 553 1070 591; x_wconf 88' lang='lat' dir='ltr'>humori</span> <span class='ocrx_word' id='word_1_67' title='bbox 1094 577 1106 598; x_wconf 96' lang='lat'>,</span> <span class='ocrx_word' id='word_1_68' title='bbox 1145 549 1290 589; x_wconf 84' lang='lat' dir='ltr'>facilius</span> <span class='ocrx_word' id='word_1_69' title='bbox 1320 550 1487 589; x_wconf 84' lang='lat' dir='ltr'>admittet</span> <span class='ocrx_word' id='word_1_70' title='bbox 1517 552 1552 589; x_wconf 83' lang='lat'>&amp;</span> <span class='ocrx_word' id='word_1_71' title='bbox 1585 563 1735 601; x_wconf 80' lang='lat' dir='ltr'>magnas</span> 
     </span>
     <span class='ocr_line' id='line_1_8' title="bbox 111 611 1736 663; baseline 0 -14"><span class='ocrx_word' id='word_1_72' title='bbox 111 611 304 662; x_wconf 85' lang='lat' dir='ltr'>particulas</span> <span class='ocrx_word' id='word_1_73' title='bbox 322 640 331 655; x_wconf 89' lang='lat'>,</span> <span class='ocrx_word' id='word_1_74' title='bbox 361 614 396 650; x_wconf 59' lang='grc' dir='ltr'>ὃς</span> <span class='ocrx_word' id='word_1_75' title='bbox 422 613 518 650; x_wconf 89' lang='lat' dir='ltr'>leves</span> <span class='ocrx_word' id='word_1_76' title='bbox 543 611 758 662; x_wconf 83' lang='lat' dir='ltr'>mollesque.</span> <span class='ocrx_word' id='word_1_77' title='bbox 824 611 947 651; x_wconf 83' lang='lat' dir='ltr'>Densa</span> <span class='ocrx_word' id='word_1_78' title='bbox 975 625 1066 662; x_wconf 88' lang='lat' dir='ltr'>ergo</span> <span class='ocrx_word' id='word_1_79' title='bbox 1094 611 1222 649; x_wconf 75' lang='lat' dir='ltr'>ostiola</span> <span class='ocrx_word' id='word_1_80' title='bbox 1256 611 1450 649; x_wconf 84' lang='lat' dir='ltr'>secretoria</span> <span class='ocrx_word' id='word_1_81' title='bbox 1479 612 1645 663; x_wconf 85' lang='lat' dir='ltr'>puriores</span> <span class='ocrx_word' id='word_1_82' title='bbox 1678 612 1736 649; x_wconf 85' lang='lat' dir='ltr'>se-</span> 
     </span>
     <span class='ocr_line' id='line_1_9' title="bbox 110 671 1738 724; baseline 0.001 -15"><span class='ocrx_word' id='word_1_83' title='bbox 110 673 290 709; x_wconf 85' lang='lat' dir='ltr'>cretiones</span> <span class='ocrx_word' id='word_1_84' title='bbox 309 700 318 714; x_wconf 86' lang='lat'>,</span> <span class='ocrx_word' id='word_1_85' title='bbox 358 672 418 709; x_wconf 90' lang='lat' dir='ltr'>sed</span> <span class='ocrx_word' id='word_1_86' title='bbox 447 673 567 709; x_wconf 85' lang='lat' dir='ltr'>minus</span> <span class='ocrx_word' id='word_1_87' title='bbox 595 671 758 724; x_wconf 83' lang='lat' dir='ltr'>copiosas</span> <span class='ocrx_word' id='word_1_88' title='bbox 801 671 937 710; x_wconf 67' lang='lat' dir='ltr'>facient</span> <span class='ocrx_word' id='word_1_89' title='bbox 988 674 1024 710; x_wconf 89' lang='lat'>&amp;</span> <span class='ocrx_word' id='word_1_90' title='bbox 1055 672 1232 710; x_wconf 86' lang='lat' dir='ltr'>humores</span> <span class='ocrx_word' id='word_1_91' title='bbox 1264 673 1509 714; x_wconf 81' lang='lat' dir='ltr'>transmittent</span> <span class='ocrx_word' id='word_1_92' title='bbox 1535 683 1660 719; x_wconf 82' lang='lat' dir='ltr'>graves</span> <span class='ocrx_word' id='word_1_93' title='bbox 1699 676 1738 710; x_wconf 76' lang='lat' dir='ltr'>a-&#39;</span> 
     </span>
     <span class='ocr_line' id='line_1_10' title="bbox 109 730 1733 782; baseline 0.001 -15"><span class='ocrx_word' id='word_1_94' title='bbox 109 732 267 780; x_wconf 76' lang='lat' dir='ltr'>queol&#39;ve</span> <span class='ocrx_word' id='word_1_95' title='bbox 297 743 305 767; x_wconf 89' lang='lat'>:</span> <span class='ocrx_word' id='word_1_96' title='bbox 333 731 415 770; x_wconf 79' lang='lat' dir='ltr'>laxa</span> <span class='ocrx_word' id='word_1_97' title='bbox 436 732 529 770; x_wconf 84' lang='lat' dir='ltr'>ostia</span> <span class='ocrx_word' id='word_1_98' title='bbox 563 732 702 770; x_wconf 80' lang='lat' dir='ltr'>faciunt</span> <span class='ocrx_word' id='word_1_99' title='bbox 728 761 738 775; x_wconf 89' lang='lat'><em>‚</em></span> <span class='ocrx_word' id='word_1_100' title='bbox 766 731 1197 782; x_wconf 66' lang='lat' dir='ltr'>secretionesimpuras,</span> <span class='ocrx_word' id='word_1_101' title='bbox 1233 730 1336 779; x_wconf 83' lang='lat' dir='ltr'>quod</span> <span class='ocrx_word' id='word_1_102' title='bbox 1367 732 1454 767; x_wconf 86' lang='lat' dir='ltr'>varii</span> <span class='ocrx_word' id='word_1_103' title='bbox 1481 732 1624 778; x_wconf 86' lang='lat' dir='ltr'>generis</span> <span class='ocrx_word' id='word_1_104' title='bbox 1659 730 1733 769; x_wconf 86' lang='lat' dir='ltr'>hu-</span> 
     </span>
     <span class='ocr_line' id='line_1_11' title="bbox 108 784 1734 841; baseline 0.001 -15"><span class='ocrx_word' id='word_1_105' title='bbox 108 802 228 828; x_wconf 87' lang='lat' dir='ltr'>mores</span> <span class='ocrx_word' id='word_1_106' title='bbox 253 790 458 829; x_wconf 86' lang='lat' dir='ltr'>admittant.</span> <span class='ocrx_word' id='word_1_107' title='bbox 507 790 614 830; x_wconf 85' lang='lat' dir='ltr'>Hanc</span> <span class='ocrx_word' id='word_1_108' title='bbox 631 791 987 839; x_wconf 85' lang='lat' dir='ltr'>contemplationem</span> <span class='ocrx_word' id='word_1_109' title='bbox 1009 792 1107 829; x_wconf 61' lang='lat' dir='ltr'>haere</span> <span class='ocrx_word' id='word_1_110' title='bbox 1112 803 1178 828; x_wconf 88' lang='lat' dir='ltr'>nus</span> <span class='ocrx_word' id='word_1_111' title='bbox 1194 784 1393 841; x_wconf 76' lang='lat' dir='ltr'>Clzftonzcs</span> <span class='ocrx_word' id='word_1_112' title='bbox 1414 789 1471 825; x_wconf 62' lang='lat' dir='ltr'>XV</span> <span class='ocrx_word' id='word_1_113' title='bbox 1488 801 1495 827; x_wconf 83' lang='lat' dir='ltr'>l</span> <span class='ocrx_word' id='word_1_114' title='bbox 1513 802 1537 827; x_wconf 76' lang='lat' dir='ltr'>N</span> <span class='ocrx_word' id='word_1_115' title='bbox 1554 803 1577 827; x_wconf 90' lang='lat' dir='ltr'>T</span> <span class='ocrx_word' id='word_1_116' title='bbox 1594 803 1673 828; x_wconf 83' lang='lat' dir='ltr'>RIN</span> <span class='ocrx_word' id='word_1_117' title='bbox 1690 804 1734 828; x_wconf 84' lang='lat' dir='ltr'>G-</span> 
     </span>
     <span class='ocr_line' id='line_1_12' title="bbox 107 843 1728 904; baseline 0.001 -18"><span class='ocrx_word' id='word_1_118' title='bbox 107 861 214 887; x_wconf 83' lang='lat' dir='ltr'>HAM</span> <span class='ocrx_word' id='word_1_119' title='bbox 245 850 348 899; x_wconf 76' lang='lat' dir='ltr'>(x)</span> <span class='ocrx_word' id='word_1_120' title='bbox 375 851 533 899; x_wconf 86' lang='lat' dir='ltr'>adtigit,</span> <span class='ocrx_word' id='word_1_121' title='bbox 562 852 598 888; x_wconf 85' lang='lat'>&amp;</span> <span class='ocrx_word' id='word_1_122' title='bbox 627 843 809 904; x_wconf 75' lang='lat' dir='ltr'>Jofiplzus</span> <span class='ocrx_word' id='word_1_123' title='bbox 849 849 1122 889; x_wconf 83' lang='lat' dir='ltr'>LIEUTAUD</span> <span class='ocrx_word' id='word_1_124' title='bbox 1154 848 1284 901; x_wconf 86' lang='lat' dir='ltr'><em>(y),</em></span> <span class='ocrx_word' id='word_1_125' title='bbox 1323 849 1361 886; x_wconf 60' lang='grc' dir='ltr'>ὃς</span> <span class='ocrx_word' id='word_1_126' title='bbox 1407 848 1526 886; x_wconf 86' lang='lat' dir='ltr'>multo</span> <span class='ocrx_word' id='word_1_127' title='bbox 1566 853 1728 888; x_wconf 72' lang='lat' dir='ltr'>ornatius</span> 
     </span>
     <span class='ocr_line' id='line_1_13' title="bbox 105 902 725 963; baseline 0 -16"><span class='ocrx_word' id='word_1_128' title='bbox 105 902 336 963; x_wconf 69' lang='lat' dir='ltr'>franciscus</span> <span class='ocrx_word' id='word_1_129' title='bbox 372 910 585 949; x_wconf 69' lang='lat' dir='ltr'>LAMURB</span> <span class='ocrx_word' id='word_1_130' title='bbox 621 911 725 959; x_wconf 84' lang='lat' dir='ltr'>(z).</span> 
     </span>
    </p>

    <p class='ocr_par' dir='ltr' id='par_1_3' title="bbox 99 967 1768 1677">
     <span class='ocr_line' id='line_1_14' title="bbox 193 967 1731 1015; baseline 0 -8"><span class='ocrx_word' id='word_1_131' title='bbox 193 969 231 1007; x_wconf 91' lang='lat' dir='ltr'>Si</span> <span class='ocrx_word' id='word_1_132' title='bbox 264 979 462 1009; x_wconf 88' lang='lat' dir='ltr'>anatomen</span> <span class='ocrx_word' id='word_1_133' title='bbox 488 968 741 1015; x_wconf 81' lang='lat' dir='ltr'>consulueris,</span> <span class='ocrx_word' id='word_1_134' title='bbox 760 971 797 1009; x_wconf 87' lang='lat'>&amp;</span> <span class='ocrx_word' id='word_1_135' title='bbox 822 970 1070 1010; x_wconf 87' lang='lat' dir='ltr'>secretionum</span> <span class='ocrx_word' id='word_1_136' title='bbox 1096 969 1237 1008; x_wconf 83' lang='lat' dir='ltr'>vitiosas</span> <span class='ocrx_word' id='word_1_137' title='bbox 1260 967 1543 1014; x_wconf 83' lang='lat' dir='ltr'>conversiones,</span> <span class='ocrx_word' id='word_1_138' title='bbox 1558 980 1634 1007; x_wconf 89' lang='lat' dir='ltr'>non</span> <span class='ocrx_word' id='word_1_139' title='bbox 1656 968 1731 1007; x_wconf 79' lang='lat' dir='ltr'>mi-</span> 
     </span>
     <span class='ocr_line' id='line_1_15' title="bbox 105 1029 1730 1080; baseline 0.001 -15"><span class='ocrx_word' id='word_1_140' title='bbox 105 1035 239 1066; x_wconf 88' lang='lat' dir='ltr'>nuetur</span> <span class='ocrx_word' id='word_1_141' title='bbox 260 1032 388 1079; x_wconf 87' lang='lat' dir='ltr'>utique</span> <span class='ocrx_word' id='word_1_142' title='bbox 411 1030 648 1080; x_wconf 84' lang='lat' dir='ltr'>probabilitas</span> <span class='ocrx_word' id='word_1_143' title='bbox 672 1030 933 1080; x_wconf 87' lang='lat' dir='ltr'>hypotheseos.</span> <span class='ocrx_word' id='word_1_144' title='bbox 1000 1030 1154 1069; x_wconf 89' lang='lat' dir='ltr'>Certum</span> <span class='ocrx_word' id='word_1_145' title='bbox 1190 1030 1240 1067; x_wconf 92' lang='lat' dir='ltr'>est</span> <span class='ocrx_word' id='word_1_146' title='bbox 1279 1029 1394 1068; x_wconf 75' lang='lat' dir='ltr'>laxata</span> <span class='ocrx_word' id='word_1_147' title='bbox 1427 1039 1564 1076; x_wconf 83' lang='lat' dir='ltr'>organa</span> <span class='ocrx_word' id='word_1_148' title='bbox 1597 1057 1607 1072; x_wconf 92' lang='lat'><strong>,</strong></span> <span class='ocrx_word' id='word_1_149' title='bbox 1648 1042 1730 1079; x_wconf 66' lang='lat' dir='ltr'>quae</span> 
     </span>
     <span class='ocr_line' id='line_1_16' title="bbox 103 1086 1731 1137; baseline 0.002 -13"><span class='ocrx_word' id='word_1_150' title='bbox 103 1090 203 1137; x_wconf 88' lang='lat' dir='ltr'>prius</span> <span class='ocrx_word' id='word_1_151' title='bbox 250 1089 415 1128; x_wconf 81' lang='lat' dir='ltr'>densiora</span> <span class='ocrx_word' id='word_1_152' title='bbox 468 1089 610 1127; x_wconf 84' lang='lat' dir='ltr'>fuerant</span> <span class='ocrx_word' id='word_1_153' title='bbox 635 1115 648 1134; x_wconf 88' lang='lat'>‚</span> <span class='ocrx_word' id='word_1_154' title='bbox 669 1090 860 1131; x_wconf 63' lang='lat' dir='ltr'>(humores</span> <span class='ocrx_word' id='word_1_155' title='bbox 903 1091 1143 1129; x_wconf 87' lang='lat' dir='ltr'>transmittere</span> <span class='ocrx_word' id='word_1_156' title='bbox 1188 1089 1381 1129; x_wconf 86' lang='lat' dir='ltr'>craffiores.</span> <span class='ocrx_word' id='word_1_157' title='bbox 1454 1086 1599 1126; x_wconf 82' lang='lat' dir='ltr'>Densus</span> <span class='ocrx_word' id='word_1_158' title='bbox 1631 1118 1641 1133; x_wconf 93' lang='lat'><strong>,</strong></span> <span class='ocrx_word' id='word_1_159' title='bbox 1694 1091 1731 1127; x_wconf 70' lang='grc' dir='ltr'>δε</span> 
     </span>
     <span class='ocr_line' id='line_1_17' title="bbox 102 1145 1768 1201; baseline 0.002 -17"><span class='ocrx_word' id='word_1_160' title='bbox 102 1148 254 1186; x_wconf 82' lang='lat' dir='ltr'>acerbus</span> <span class='ocrx_word' id='word_1_161' title='bbox 282 1156 414 1187; x_wconf 84' lang='lat' dir='ltr'>tenerae</span> <span class='ocrx_word' id='word_1_162' title='bbox 437 1147 586 1198; x_wconf 87' lang='lat' dir='ltr'>virginis</span> <span class='ocrx_word' id='word_1_163' title='bbox 605 1155 732 1189; x_wconf 79' lang='lat' dir='ltr'>uterus</span> <span class='ocrx_word' id='word_1_164' title='bbox 764 1150 938 1188; x_wconf 85' lang='lat' dir='ltr'>fomentis</span> <span class='ocrx_word' id='word_1_165' title='bbox 967 1152 1120 1194; x_wconf 84' lang='lat' dir='ltr'>laxatus,</span> <span class='ocrx_word' id='word_1_166' title='bbox 1148 1151 1184 1187; x_wconf 68' lang='grc' dir='ltr'>δε</span> <span class='ocrx_word' id='word_1_167' title='bbox 1213 1161 1374 1200; x_wconf 82' lang='lat' dir='ltr'>vapore,</span> <span class='ocrx_word' id='word_1_168' title='bbox 1400 1145 1470 1198; x_wconf 83' lang='lat' dir='ltr'>pro</span> <span class='ocrx_word' id='word_1_169' title='bbox 1506 1160 1617 1186; x_wconf 88' lang='lat' dir='ltr'>muco</span> <span class='ocrx_word' id='word_1_170' title='bbox 1654 1148 1731 1187; x_wconf 86' lang='lat' dir='ltr'>san·</span> <span class='ocrx_word' id='word_1_171' title='bbox 1755 1196 1768 1201; x_wconf 61' lang='lat'><em>„</em></span> 
     </span>
     <span class='ocr_line' id='line_1_18' title="bbox 102 1203 1730 1257; baseline 0.002 -14"><span class='ocrx_word' id='word_1_172' title='bbox 102 1206 217 1255; x_wconf 86' lang='lat' dir='ltr'>guine</span> <span class='ocrx_word' id='word_1_173' title='bbox 246 1208 402 1247; x_wconf 86' lang='lat' dir='ltr'>stillabit.</span> <span class='ocrx_word' id='word_1_174' title='bbox 448 1203 591 1246; x_wconf 82' lang='lat' dir='ltr'>Laxior</span> <span class='ocrx_word' id='word_1_175' title='bbox 628 1208 728 1253; x_wconf 88' lang='lat' dir='ltr'>idem</span> <span class='ocrx_word' id='word_1_176' title='bbox 756 1208 795 1247; x_wconf 90' lang='lat' dir='ltr'>in</span> <span class='ocrx_word' id='word_1_177' title='bbox 829 1210 1033 1248; x_wconf 87' lang='lat' dir='ltr'>multorum</span> <span class='ocrx_word' id='word_1_178' title='bbox 1066 1210 1269 1249; x_wconf 88' lang='lat' dir='ltr'>liberorum</span> <span class='ocrx_word' id='word_1_179' title='bbox 1300 1216 1414 1248; x_wconf 87' lang='lat' dir='ltr'>matre</span> <span class='ocrx_word' id='word_1_180' title='bbox 1439 1235 1452 1253; x_wconf 85' lang='lat'>‚</span> <span class='ocrx_word' id='word_1_181' title='bbox 1497 1219 1565 1257; x_wconf 89' lang='lat' dir='ltr'>pro</span> <span class='ocrx_word' id='word_1_182' title='bbox 1595 1207 1730 1247; x_wconf 88' lang='lat' dir='ltr'>eodem</span> 
     </span>
     <span class='ocr_line' id='line_1_19' title="bbox 103 1267 1730 1319; baseline 0.002 -16"><span class='ocrx_word' id='word_1_183' title='bbox 103 1268 206 1304; x_wconf 86' lang='lat' dir='ltr'>tenui</span> <span class='ocrx_word' id='word_1_184' title='bbox 233 1280 346 1306; x_wconf 89' lang='lat' dir='ltr'>muco</span> <span class='ocrx_word' id='word_1_185' title='bbox 369 1267 654 1317; x_wconf 84' lang='lat' dir='ltr'>copiofiffimum</span> <span class='ocrx_word' id='word_1_186' title='bbox 685 1268 841 1307; x_wconf 66' lang='lat' dir='ltr'>lasteum</span> <span class='ocrx_word' id='word_1_187' title='bbox 859 1269 1058 1319; x_wconf 86' lang='lat' dir='ltr'>albumque</span> <span class='ocrx_word' id='word_1_188' title='bbox 1081 1270 1276 1308; x_wconf 81' lang='lat' dir='ltr'>humorem</span> <span class='ocrx_word' id='word_1_189' title='bbox 1298 1268 1470 1307; x_wconf 87' lang='lat' dir='ltr'>secernet.</span> <span class='ocrx_word' id='word_1_190' title='bbox 1521 1267 1622 1305; x_wconf 83' lang='lat' dir='ltr'>Sicca</span> <span class='ocrx_word' id='word_1_191' title='bbox 1646 1270 1730 1306; x_wconf 89' lang='lat' dir='ltr'>vul-</span> 
     </span>
     <span class='ocr_line' id='line_1_20' title="bbox 102 1327 1730 1378; baseline 0.002 -15"><span class='ocrx_word' id='word_1_192' title='bbox 102 1327 198 1364; x_wconf 80' lang='lat' dir='ltr'>neris</span> <span class='ocrx_word' id='word_1_193' title='bbox 227 1327 336 1366; x_wconf 83' lang='lat' dir='ltr'>latera</span> <span class='ocrx_word' id='word_1_194' title='bbox 363 1337 515 1366; x_wconf 87' lang='lat' dir='ltr'>tenuem</span> <span class='ocrx_word' id='word_1_195' title='bbox 536 1328 729 1377; x_wconf 87' lang='lat' dir='ltr'>lympham</span> <span class='ocrx_word' id='word_1_196' title='bbox 746 1357 756 1372; x_wconf 94' lang='lat'><strong>,</strong></span> <span class='ocrx_word' id='word_1_197' title='bbox 773 1328 890 1368; x_wconf 80' lang='lat' dir='ltr'>laxata</span> <span class='ocrx_word' id='word_1_198' title='bbox 917 1329 1046 1368; x_wconf 77' lang='lat' dir='ltr'>eadem</span> <span class='ocrx_word' id='word_1_199' title='bbox 1062 1341 1127 1378; x_wconf 83' lang='lat' dir='ltr'>per</span> <span class='ocrx_word' id='word_1_200' title='bbox 1142 1329 1305 1367; x_wconf 81' lang='lat' dir='ltr'>calorem</span> <span class='ocrx_word' id='word_1_201' title='bbox 1322 1357 1333 1373; x_wconf 89' lang='lat'><em>,</em></span> <span class='ocrx_word' id='word_1_202' title='bbox 1360 1327 1556 1378; x_wconf 84' lang='lat' dir='ltr'>tepidaque</span> <span class='ocrx_word' id='word_1_203' title='bbox 1584 1327 1730 1367; x_wconf 85' lang='lat' dir='ltr'>fomen-</span> 
     </span>
     <span class='ocr_line' id='line_1_21' title="bbox 99 1382 1729 1442; baseline 0.003 -19"><span class='ocrx_word' id='word_1_204' title='bbox 99 1392 135 1423; x_wconf 89' lang='lat' dir='ltr'>ta</span> <span class='ocrx_word' id='word_1_205' title='bbox 156 1414 166 1429; x_wconf 93' lang='lat'><strong>,</strong></span> <span class='ocrx_word' id='word_1_206' title='bbox 198 1394 259 1425; x_wconf 86' lang='lat' dir='ltr'>aut</span> <span class='ocrx_word' id='word_1_207' title='bbox 282 1388 508 1426; x_wconf 87' lang='lat' dir='ltr'>emollientia</span> <span class='ocrx_word' id='word_1_208' title='bbox 538 1387 727 1438; x_wconf 85' lang='lat' dir='ltr'>emplastra</span> <span class='ocrx_word' id='word_1_209' title='bbox 754 1387 903 1427; x_wconf 74' lang='lat' dir='ltr'>crassum</span> <span class='ocrx_word' id='word_1_210' title='bbox 933 1402 999 1439; x_wconf 91' lang='lat' dir='ltr'>pus</span> <span class='ocrx_word' id='word_1_211' title='bbox 1033 1382 1278 1442; x_wconf 80' lang='lat' dir='ltr'>subpeditant.</span> <span class='ocrx_word' id='word_1_212' title='bbox 1344 1387 1386 1426; x_wconf 88' lang='lat' dir='ltr'>In</span> <span class='ocrx_word' id='word_1_213' title='bbox 1414 1387 1615 1440; x_wconf 71' lang='lat' dir='ltr'>exemplo,</span> <span class='ocrx_word' id='word_1_214' title='bbox 1647 1390 1729 1437; x_wconf 78' lang='lat' dir='ltr'>post·</span> 
     </span>
     <span class='ocr_line' id='line_1_22' title="bbox 99 1446 1723 1499; baseline 0.002 -16"><span class='ocrx_word' id='word_1_215' title='bbox 99 1450 417 1495; x_wconf 85' lang='lat' dir='ltr'>amputationem,</span> <span class='ocrx_word' id='word_1_216' title='bbox 444 1448 503 1486; x_wconf 92' lang='lat' dir='ltr'>die</span> <span class='ocrx_word' id='word_1_217' title='bbox 527 1455 683 1498; x_wconf 83' lang='lat' dir='ltr'>quarto.</span> <span class='ocrx_word' id='word_1_218' title='bbox 711 1449 890 1499; x_wconf 86' lang='lat' dir='ltr'>quintove</span> <span class='ocrx_word' id='word_1_219' title='bbox 915 1450 961 1487; x_wconf 89' lang='lat' dir='ltr'>de</span> <span class='ocrx_word' id='word_1_220' title='bbox 983 1456 1115 1488; x_wconf 88' lang='lat' dir='ltr'>trunco</span> <span class='ocrx_word' id='word_1_221' title='bbox 1146 1455 1256 1487; x_wconf 89' lang='lat' dir='ltr'>tenue</span> <span class='ocrx_word' id='word_1_222' title='bbox 1284 1447 1403 1485; x_wconf 88' lang='lat' dir='ltr'>serum</span> <span class='ocrx_word' id='word_1_223' title='bbox 1426 1446 1536 1485; x_wconf 89' lang='lat' dir='ltr'>stillat</span> <span class='ocrx_word' id='word_1_224' title='bbox 1560 1460 1569 1485; x_wconf 74' lang='grc' dir='ltr'><strong><em>ε</em></strong></span> <span class='ocrx_word' id='word_1_225' title='bbox 1603 1447 1663 1487; x_wconf 91' lang='lat' dir='ltr'>die</span> <span class='ocrx_word' id='word_1_226' title='bbox 1689 1456 1723 1487; x_wconf 83' lang='lat'>6.</span> 
     </span>
     <span class='ocr_line' id='line_1_23' title="bbox 102 1502 1726 1560; baseline 0.003 -18"><span class='ocrx_word' id='word_1_227' title='bbox 102 1516 138 1551; x_wconf 84' lang='lat'>7.</span> <span class='ocrx_word' id='word_1_228' title='bbox 174 1513 208 1548; x_wconf 87' lang='lat'>8.</span> <span class='ocrx_word' id='word_1_229' title='bbox 241 1506 378 1545; x_wconf 87' lang='lat' dir='ltr'>solutus</span> <span class='ocrx_word' id='word_1_230' title='bbox 398 1537 408 1552; x_wconf 92' lang='lat'><strong>,</strong></span> <span class='ocrx_word' id='word_1_231' title='bbox 437 1520 560 1558; x_wconf 88' lang='lat' dir='ltr'>neque</span> <span class='ocrx_word' id='word_1_232' title='bbox 586 1502 710 1547; x_wconf 62' lang='lat' dir='ltr'>costus</span> <span class='ocrx_word' id='word_1_233' title='bbox 740 1509 851 1559; x_wconf 85' lang='lat' dir='ltr'>adeps</span> <span class='ocrx_word' id='word_1_234' title='bbox 883 1521 891 1546; x_wconf 87' lang='lat'>:</span> <span class='ocrx_word' id='word_1_235' title='bbox 929 1509 1118 1560; x_wconf 85' lang='lat' dir='ltr'>aliquanto</span> <span class='ocrx_word' id='word_1_236' title='bbox 1159 1509 1268 1548; x_wconf 88' lang='lat' dir='ltr'>serius</span> <span class='ocrx_word' id='word_1_237' title='bbox 1303 1507 1454 1546; x_wconf 89' lang='lat' dir='ltr'>demum</span> <span class='ocrx_word' id='word_1_238' title='bbox 1484 1518 1611 1546; x_wconf 85' lang='lat' dir='ltr'>verum</span> <span class='ocrx_word' id='word_1_239' title='bbox 1635 1535 1645 1550; x_wconf 92' lang='lat'><strong>,</strong></span> <span class='ocrx_word' id='word_1_240' title='bbox 1689 1509 1726 1547; x_wconf 72' lang='grc' dir='ltr'>δε</span> 
     </span>
     <span class='ocr_line' id='line_1_24' title="bbox 100 1563 1727 1622; baseline 0.003 -21"><span class='ocrx_word' id='word_1_241' title='bbox 100 1564 243 1602; x_wconf 78' lang='lat' dir='ltr'>crassius</span> <span class='ocrx_word' id='word_1_242' title='bbox 263 1578 329 1615; x_wconf 86' lang='lat' dir='ltr'>pus</span> <span class='ocrx_word' id='word_1_243' title='bbox 359 1563 499 1620; x_wconf 71' lang='lat' dir='ltr'>(z*).</span> <span class='ocrx_word' id='word_1_244' title='bbox 545 1567 666 1606; x_wconf 79' lang='lat' dir='ltr'>Poss&#39;et</span> <span class='ocrx_word' id='word_1_245' title='bbox 691 1568 806 1607; x_wconf 88' lang='lat' dir='ltr'>videri</span> <span class='ocrx_word' id='word_1_246' title='bbox 824 1597 834 1612; x_wconf 86' lang='lat'>‚</span> <span class='ocrx_word' id='word_1_247' title='bbox 865 1576 992 1608; x_wconf 85' lang='lat' dir='ltr'>tenues</span> <span class='ocrx_word' id='word_1_248' title='bbox 1022 1582 1087 1622; x_wconf 88' lang='lat' dir='ltr'>per</span> <span class='ocrx_word' id='word_1_249' title='bbox 1115 1569 1223 1608; x_wconf 80' lang='lat' dir='ltr'>densa</span> <span class='ocrx_word' id='word_1_250' title='bbox 1257 1566 1335 1607; x_wconf 80' lang='lat' dir='ltr'>vasa</span> <span class='ocrx_word' id='word_1_251' title='bbox 1366 1567 1559 1607; x_wconf 81' lang='lat' dir='ltr'>secretoria</span> <span class='ocrx_word' id='word_1_252' title='bbox 1589 1566 1727 1616; x_wconf 29' lang='lat' dir='ltr'>humo-¹</span> 
     </span>
     <span class='ocr_line' id='line_1_25' title="bbox 101 1625 750 1677; baseline 0.008 -16"><span class='ocrx_word' id='word_1_253' title='bbox 101 1635 181 1667; x_wconf 86' lang='lat' dir='ltr'>res,</span> <span class='ocrx_word' id='word_1_254' title='bbox 223 1625 352 1664; x_wconf 79' lang='lat' dir='ltr'>crassos</span> <span class='ocrx_word' id='word_1_255' title='bbox 382 1640 447 1677; x_wconf 89' lang='lat' dir='ltr'>per</span> <span class='ocrx_word' id='word_1_256' title='bbox 483 1625 564 1666; x_wconf 85' lang='lat' dir='ltr'>laxa</span> <span class='ocrx_word' id='word_1_257' title='bbox 589 1628 750 1677; x_wconf 87' lang='lat' dir='ltr'>separari.</span> 
     </span>
    </p>

    <p class='ocr_par' dir='ltr' id='par_1_4' title="bbox 89 1682 1722 1974">
     <span class='ocr_line' id='line_1_26' title="bbox 158 1682 1722 1739; baseline 0.004 -19"><span class='ocrx_word' id='word_1_258' title='bbox 158 1716 164 1720; x_wconf 91' lang='lat'>.</span> <span class='ocrx_word' id='word_1_259' title='bbox 186 1682 227 1721; x_wconf 87' lang='lat' dir='ltr'>ln</span> <span class='ocrx_word' id='word_1_260' title='bbox 246 1697 403 1735; x_wconf 90' lang='lat' dir='ltr'>corpore</span> <span class='ocrx_word' id='word_1_261' title='bbox 420 1687 583 1726; x_wconf 76' lang='lat' dir='ltr'>humano</span> <span class='ocrx_word' id='word_1_262' title='bbox 599 1699 676 1726; x_wconf 91' lang='lat' dir='ltr'>non</span> <span class='ocrx_word' id='word_1_263' title='bbox 698 1689 875 1726; x_wconf 90' lang='lat' dir='ltr'>minuitur</span> <span class='ocrx_word' id='word_1_264' title='bbox 907 1689 1083 1739; x_wconf 81' lang='lat' dir='ltr'>analogia.</span> <span class='ocrx_word' id='word_1_265' title='bbox 1131 1688 1278 1728; x_wconf 84' lang='lat' dir='ltr'>Renum</span> <span class='ocrx_word' id='word_1_266' title='bbox 1297 1687 1423 1727; x_wconf 66' lang='lat' dir='ltr'>duetus</span> <span class='ocrx_word' id='word_1_267' title='bbox 1437 1687 1603 1726; x_wconf 81' lang='lat' dir='ltr'>uriniferi</span> <span class='ocrx_word' id='word_1_268' title='bbox 1628 1688 1647 1737; x_wconf 87' lang='lat'>(</span> <span class='ocrx_word' id='word_1_269' title='bbox 1664 1687 1722 1738; x_wconf 80' lang='lat' dir='ltr'>a)</span> 
     </span>
     <span class='ocr_line' id='line_1_27' title="bbox 98 1740 1722 1799; baseline 0.006 -20"><span class='ocrx_word' id='word_1_270' title='bbox 98 1740 296 1782; x_wconf 82' lang='lat' dir='ltr'>denfiffima</span> <span class='ocrx_word' id='word_1_271' title='bbox 327 1757 433 1784; x_wconf 76' lang='lat' dir='ltr'>carne</span> <span class='ocrx_word' id='word_1_272' title='bbox 455 1746 548 1784; x_wconf 88' lang='lat' dir='ltr'>fiunt</span> <span class='ocrx_word' id='word_1_273' title='bbox 573 1760 583 1785; x_wconf 76' lang='grc' dir='ltr'><strong><em>ε</em></strong></span> <span class='ocrx_word' id='word_1_274' title='bbox 609 1747 723 1786; x_wconf 90' lang='lat' dir='ltr'>iidem</span> <span class='ocrx_word' id='word_1_275' title='bbox 744 1749 834 1786; x_wconf 88' lang='lat' dir='ltr'>dum</span> <span class='ocrx_word' id='word_1_276' title='bbox 869 1749 942 1786; x_wconf 86' lang='lat' dir='ltr'>sani</span> <span class='ocrx_word' id='word_1_277' title='bbox 973 1749 1052 1787; x_wconf 87' lang='lat' dir='ltr'>sunt</span> <span class='ocrx_word' id='word_1_278' title='bbox 1072 1780 1082 1794; x_wconf 94' lang='lat'>‚</span> <span class='ocrx_word' id='word_1_279' title='bbox 1117 1761 1246 1799; x_wconf 77' lang='lat' dir='ltr'>aquae,</span> <span class='ocrx_word' id='word_1_280' title='bbox 1275 1748 1481 1798; x_wconf 82' lang='lat' dir='ltr'>ponderosa</span> <span class='ocrx_word' id='word_1_281' title='bbox 1504 1759 1589 1785; x_wconf 91' lang='lat' dir='ltr'>cum</span> <span class='ocrx_word' id='word_1_282' title='bbox 1629 1755 1722 1788; x_wconf 75' lang='lat' dir='ltr'>terra</span> 
     </span>
     <span class='ocr_line' id='line_1_28' title="bbox 97 1803 1722 1858; baseline 0.005 -20"><span class='ocrx_word' id='word_1_283' title='bbox 97 1803 224 1839; x_wconf 87' lang='lat' dir='ltr'>intime</span> <span class='ocrx_word' id='word_1_284' title='bbox 254 1804 393 1848; x_wconf 84' lang='lat' dir='ltr'>mistae,</span> <span class='ocrx_word' id='word_1_285' title='bbox 426 1812 560 1853; x_wconf 79' lang='lat' dir='ltr'>patent.</span> <span class='ocrx_word' id='word_1_286' title='bbox 594 1805 778 1846; x_wconf 81' lang='lat' dir='ltr'>Laxiffimi</span> <span class='ocrx_word' id='word_1_287' title='bbox 805 1808 920 1858; x_wconf 80' lang='lat' dir='ltr'>adipis</span> <span class='ocrx_word' id='word_1_288' title='bbox 949 1809 1065 1848; x_wconf 84' lang='lat' dir='ltr'>loculi</span> <span class='ocrx_word' id='word_1_289' title='bbox 1086 1838 1098 1853; x_wconf 92' lang='lat'>‚</span> <span class='ocrx_word' id='word_1_290' title='bbox 1131 1810 1168 1846; x_wconf 70' lang='lat' dir='ltr'>&amp;c</span> <span class='ocrx_word' id='word_1_291' title='bbox 1204 1820 1267 1857; x_wconf 87' lang='lat' dir='ltr'>per</span> <span class='ocrx_word' id='word_1_292' title='bbox 1299 1808 1552 1858; x_wconf 82' lang='lat' dir='ltr'>experimenta</span> <span class='ocrx_word' id='word_1_293' title='bbox 1589 1815 1722 1846; x_wconf 87' lang='lat' dir='ltr'>anato-</span> 
     </span>
     <span class='ocr_line' id='line_1_29' title="bbox 89 1861 1720 1915; baseline 0.006 -18"><span class='ocrx_word' id='word_1_294' title='bbox 89 1864 191 1907; x_wconf 69' lang='lat' dir='ltr'>,mica</span> <span class='ocrx_word' id='word_1_295' title='bbox 216 1889 225 1903; x_wconf 94' lang='lat'><strong>,</strong></span> <span class='ocrx_word' id='word_1_296' title='bbox 252 1861 341 1898; x_wconf 80' lang='lat' dir='ltr'>laxae</span> <span class='ocrx_word' id='word_1_297' title='bbox 370 1865 408 1900; x_wconf 88' lang='lat' dir='ltr'>in</span> <span class='ocrx_word' id='word_1_298' title='bbox 439 1875 502 1900; x_wconf 86' lang='lat' dir='ltr'>eos</span> <span class='ocrx_word' id='word_1_299' title='bbox 532 1864 678 1901; x_wconf 88' lang='lat' dir='ltr'>loculos</span> <span class='ocrx_word' id='word_1_300' title='bbox 710 1866 757 1902; x_wconf 90' lang='lat' dir='ltr'>de</span> <span class='ocrx_word' id='word_1_301' title='bbox 790 1865 926 1903; x_wconf 79' lang='lat' dir='ltr'>arteriis</span> <span class='ocrx_word' id='word_1_302' title='bbox 953 1869 1017 1905; x_wconf 81' lang='lat' dir='ltr'>viae</span> <span class='ocrx_word' id='word_1_303' title='bbox 1041 1869 1146 1906; x_wconf 89' lang='lat' dir='ltr'>sunt:</span> <span class='ocrx_word' id='word_1_304' title='bbox 1178 1868 1269 1905; x_wconf 83' lang='lat' dir='ltr'>levis</span> <span class='ocrx_word' id='word_1_305' title='bbox 1300 1879 1389 1915; x_wconf 87' lang='lat' dir='ltr'>ergo</span> <span class='ocrx_word' id='word_1_306' title='bbox 1421 1866 1530 1915; x_wconf 83' lang='lat' dir='ltr'>adeps</span> <span class='ocrx_word' id='word_1_307' title='bbox 1556 1877 1602 1904; x_wconf 90' lang='lat' dir='ltr'>eo</span> <span class='ocrx_word' id='word_1_308' title='bbox 1623 1867 1720 1906; x_wconf 81' lang='lat' dir='ltr'>sece-</span> 
     </span>
     <span class='ocr_line' id='line_1_30' title="bbox 97 1919 1001 1974; baseline 0.007 -17"><span class='ocrx_word' id='word_1_309' title='bbox 97 1919 178 1963; x_wconf 88' lang='lat' dir='ltr'>dit,</span> <span class='ocrx_word' id='word_1_310' title='bbox 219 1921 255 1956; x_wconf 66' lang='grc' dir='ltr'>ἑ-ἐ</span> <span class='ocrx_word' id='word_1_311' title='bbox 283 1921 505 1959; x_wconf 80' lang='lat' dir='ltr'>craffiffimus</span> <span class='ocrx_word' id='word_1_312' title='bbox 527 1922 668 1971; x_wconf 85' lang='lat' dir='ltr'>sanguis</span> <span class='ocrx_word' id='word_1_313' title='bbox 694 1923 799 1963; x_wconf 86' lang='lat' dir='ltr'>facile</span> <span class='ocrx_word' id='word_1_314' title='bbox 832 1924 1001 1974; x_wconf 85' lang='lat' dir='ltr'>sequitur.</span> 
     </span>
    </p>

    <p class='ocr_par' dir='ltr' id='par_1_5' title="bbox 184 1979 1718 2032">
     <span class='ocr_line' id='line_1_31' title="bbox 184 1979 1718 2032; baseline 0.005 -15"><span class='ocrx_word' id='word_1_315' title='bbox 184 1979 256 2019; x_wconf 85' lang='lat' dir='ltr'>Sed</span> <span class='ocrx_word' id='word_1_316' title='bbox 286 1981 395 2019; x_wconf 84' lang='lat' dir='ltr'>etiam</span> <span class='ocrx_word' id='word_1_317' title='bbox 427 1982 466 2019; x_wconf 89' lang='lat' dir='ltr'>in</span> <span class='ocrx_word' id='word_1_318' title='bbox 489 1981 638 2021; x_wconf 82' lang='lat' dir='ltr'>vasculis</span> <span class='ocrx_word' id='word_1_319' title='bbox 679 1985 891 2024; x_wconf 77' lang='lat' dir='ltr'>excretoriis</span> <span class='ocrx_word' id='word_1_320' title='bbox 930 1984 1074 2025; x_wconf 79' lang='lat' dir='ltr'>seminis</span> <span class='ocrx_word' id='word_1_321' title='bbox 1097 2010 1108 2032; x_wconf 86' lang='lat'><strong>‚</strong></span> <span class='ocrx_word' id='word_1_322' title='bbox 1144 1987 1264 2030; x_wconf 88' lang='lat' dir='ltr'>uteri,</span> <span class='ocrx_word' id='word_1_323' title='bbox 1298 1985 1335 2023; x_wconf 84' lang='lat'>&amp;</span> <span class='ocrx_word' id='word_1_324' title='bbox 1361 1986 1622 2027; x_wconf 82' lang='lat' dir='ltr'>intestinalibus</span> <span class='ocrx_word' id='word_1_325' title='bbox 1652 1987 1718 2025; x_wconf 85' lang='lat' dir='ltr'>vil-</span> 
     </span>
    </p>

    <p class='ocr_par' dir='ltr' id='par_1_6' title="bbox 1094 2045 1715 2095">
     <span class='ocr_line' id='line_1_32' title="bbox 1094 2045 1715 2095; baseline 0.005 -12"><span class='ocrx_word' id='word_1_326' title='bbox 1094 2045 1114 2083; x_wconf 81' lang='lat'>1</span> <span class='ocrx_word' id='word_1_327' title='bbox 1133 2047 1145 2084; x_wconf 89' lang='lat' dir='ltr'>i</span> <span class='ocrx_word' id='word_1_328' title='bbox 1166 2047 1179 2084; x_wconf 89' lang='lat' dir='ltr'>i</span> <span class='ocrx_word' id='word_1_329' title='bbox 1229 2058 1247 2094; x_wconf 82' lang='lat'>3</span> <span class='ocrx_word' id='word_1_330' title='bbox 1642 2046 1685 2088; x_wconf 90' lang='lat' dir='ltr'>lis</span> <span class='ocrx_word' id='word_1_331' title='bbox 1703 2074 1715 2095; x_wconf 94' lang='lat'>,</span> 
     </span>
    </p>
   </div>
   <div class='ocr_carea' id='block_1_3' title="bbox 94 2186 1708 2401">
    <p class='ocr_par' dir='ltr' id='par_1_7' title="bbox 94 2186 1708 2401">
     <span class='ocr_line' id='line_1_33' title="bbox 183 2186 1708 2270; baseline 0.005 -48"><span class='ocrx_word' id='word_1_332' title='bbox 183 2193 255 2229; x_wconf 78' lang='lat' dir='ltr'>(x)</span> <span class='ocrx_word' id='word_1_333' title='bbox 268 2191 338 2270; x_wconf 43' lang='lat'>72</span> <span class='ocrx_word' id='word_1_334' title='bbox 339 2203 376 2223; x_wconf 78' lang='lat' dir='ltr'>V?</span> <span class='ocrx_word' id='word_1_335' title='bbox 373 2191 436 2225; x_wconf 65' lang='lat' dir='ltr'>iiis</span> <span class='ocrx_word' id='word_1_336' title='bbox 459 2201 529 2227; x_wconf 57' lang='lat' dir='ltr'>artes</span> <span class='ocrx_word' id='word_1_337' title='bbox 532 2197 635 2228; x_wconf 66' lang='lat' dir='ltr'>sirum</span> <span class='ocrx_word' id='word_1_338' title='bbox 662 2207 708 2237; x_wconf 88' lang='lat' dir='ltr'>eq</span> <span class='ocrx_word' id='word_1_339' title='bbox 705 2197 809 2229; x_wconf 47' lang='lat' dir='ltr'>udum</span> <span class='ocrx_word' id='word_1_340' title='bbox 822 2196 1042 2239; x_wconf 54' lang='lat' dir='ltr'>sexue⁴91ffur5</span> <span class='ocrx_word' id='word_1_341' title='bbox 1069 2197 1292 2230; x_wconf 70' lang='lat' dir='ltr'>diversitatibus</span> <span class='ocrx_word' id='word_1_342' title='bbox 1304 2186 1505 2230; x_wconf 59' lang='lat' dir='ltr'>’sen-retiones</span> <span class='ocrx_word' id='word_1_343' title='bbox 1527 2199 1624 2232; x_wconf 78' lang='lat' dir='ltr'>variae</span> <span class='ocrx_word' id='word_1_344' title='bbox 1653 2201 1708 2230; x_wconf 71' lang='lat' dir='ltr'>En-</span> 
     </span>
     <span class='ocr_line' id='line_1_34' title="bbox 145 2243 372 2264; baseline 0 -2"><span class='ocrx_word' id='word_1_345' title='bbox 145 2244 152 2262; x_wconf 75' lang='grc'><strong><em>7</em></strong></span> <span class='ocrx_word' id='word_1_346' title='bbox 248 2243 281 2262; x_wconf 72' lang='lat'>1-</span> <span class='ocrx_word' id='word_1_347' title='bbox 338 2243 372 2264; x_wconf 65' lang='lat'>..¹</span> 
     </span>
     <span class='ocr_line' id='line_1_35' title="bbox 94 2240 682 2318; baseline 0.017 -17"><span class='ocrx_word' id='word_1_348' title='bbox 94 2243 358 2312; x_wconf 54' lang='lat' dir='ltr'>qul)12hff</span> <span class='ocrx_word' id='word_1_349' title='bbox 339 2240 494 2316; x_wconf 56' lang='grc' dir='ltr'>Ῑῐιοῗςίορ</span> <span class='ocrx_word' id='word_1_350' title='bbox 521 2288 552 2308; x_wconf 82' lang='lat'>10</span> <span class='ocrx_word' id='word_1_351' title='bbox 543 2282 591 2311; x_wconf 90' lang='lat'>6.</span> <span class='ocrx_word' id='word_1_352' title='bbox 615 2285 682 2318; x_wconf 52' lang='lat'>1521</span> 
     </span>
     <span class='ocr_line' id='line_1_36' title="bbox 275 2316 484 2353; baseline 0.02 -8"><span class='ocrx_word' id='word_1_353' title='bbox 275 2316 358 2346; x_wconf 79' lang='lat' dir='ltr'>Vile</span> <span class='ocrx_word' id='word_1_354' title='bbox 379 2328 410 2348; x_wconf 86' lang='lat' dir='ltr'>n.</span> <span class='ocrx_word' id='word_1_355' title='bbox 437 2329 484 2353; x_wconf 79' lang='lat'>37.</span> 
     </span>
     <span class='ocr_line' id='line_1_37' title="bbox 296 2358 833 2401; baseline 0.011 -13"><span class='ocrx_word' id='word_1_356' title='bbox 296 2358 434 2389; x_wconf 71' lang='grc' dir='ltr'><strong>ΒΑῦιῐ</strong></span> <span class='ocrx_word' id='word_1_357' title='bbox 452 2369 475 2389; x_wconf 81' lang='lat' dir='ltr'>u</span> <span class='ocrx_word' id='word_1_358' title='bbox 498 2362 532 2390; x_wconf 83' lang='lat' dir='ltr'>de</span> <span class='ocrx_word' id='word_1_359' title='bbox 555 2368 694 2400; x_wconf 63' lang='lat' dir='ltr'>mulum</span> <span class='ocrx_word' id='word_1_360' title='bbox 713 2373 741 2401; x_wconf 79' lang='lat' dir='ltr'>p.</span> <span class='ocrx_word' id='word_1_361' title='bbox 766 2375 833 2401; x_wconf 65' lang='lat'>405.</span> 
     </span>
    </p>
   </div>
   <div class='ocr_carea' id='block_1_4' title="bbox 199 2286 717 2436">
    <p class='ocr_par' dir='ltr' id='par_1_8' title="bbox 199 2286 692 2434">
     <span class='ocr_line' id='line_1_38' title="bbox 201 2286 222 2313; baseline 0 0"><span class='ocrx_word' id='word_1_362' title='bbox 201 2286 222 2313; x_wconf 68' lang='lat' dir='ltr'><em>y</em></span> 
     </span>
     <span class='ocr_line' id='line_1_39' title="bbox 199 2327 217 2346; baseline 0 0"><span class='ocrx_word' id='word_1_363' title='bbox 199 2327 217 2346; x_wconf 78' lang='lat'>2</span> 
     </span>
     <span class='ocr_line' id='line_1_40' title="bbox 199 2358 275 2394; baseline 0.013 -1"><span class='ocrx_word' id='word_1_364' title='bbox 199 2368 216 2387; x_wconf 83' lang='lat'><em>2</em></span> <span class='ocrx_word' id='word_1_365' title='bbox 262 2358 275 2394; x_wconf 90' lang='lat'>)</span> 
     </span>
     <span class='ocr_line' id='line_1_41' title="bbox 201 2400 717 2436; baseline 0.01 -7"><span class='ocrx_word' id='word_1_366' title='bbox 201 2410 219 2429; x_wconf 79' lang='lat' dir='ltr'>a</span> <span class='ocrx_word' id='word_1_367' title='bbox 267 2400 306 2431; x_wconf 84' lang='lat' dir='ltr'>Ut</span> <span class='ocrx_word' id='word_1_368' title='bbox 327 2400 357 2429; x_wconf 84' lang='lat' dir='ltr'>s</span> <span class='ocrx_word' id='word_1_369' title='bbox 366 2411 384 2431; x_wconf 93' lang='lat' dir='ltr'>o</span> <span class='ocrx_word' id='word_1_370' title='bbox 415 2402 463 2431; x_wconf 76' lang='lat' dir='ltr'>loc</span> <span class='ocrx_word' id='word_1_371' title='bbox 467 2411 487 2432; x_wconf 91' lang='lat' dir='ltr'>o</span> <span class='ocrx_word' id='word_1_372' title='bbox 518 2403 717 2436; x_wconf 59' lang='lat' dir='ltr'>oste11dtmu..</span> 
     </span>
    </p>
   </div>
   <div class='ocr_carea' id='block_1_5' title="bbox 175 2278 217 2432">
    <p class='ocr_par' dir='ltr' id='par_1_9' title="bbox 175 2278 217 2432">
     <span class='ocr_line' id='line_1_42' title="bbox 177 2278 189 2309; baseline 0 0"><span class='ocrx_word' id='word_1_373' title='bbox 177 2278 189 2309; x_wconf 92' lang='lat'>(</span> 
     </span>
     <span class='ocr_line' id='line_1_43' title="bbox 175 2318 187 2349; baseline 0 0"><span class='ocrx_word' id='word_1_374' title='bbox 175 2318 187 2349; x_wconf 97' lang='lat'>(</span> 
     </span>
     <span class='ocr_line' id='line_1_44' title="bbox 176 2358 217 2392; baseline 0 -8"><span class='ocrx_word' id='word_1_375' title='bbox 176 2358 188 2392; x_wconf 91' lang='lat'>(</span> <span class='ocrx_word' id='word_1_376' title='bbox 213 2379 217 2384; x_wconf 87' lang='grc'><em>,</em></span> 
     </span>
     <span class='ocr_line' id='line_1_45' title="bbox 175 2401 187 2432; baseline 0 0"><span class='ocrx_word' id='word_1_377' title='bbox 175 2401 187 2432; x_wconf 97' lang='grc'>(</span> 
     </span>
    </p>
   </div>
  </div>
 </body>
</html>
