1968 2706
260 182 339 223 358
405 168 510 213 LIB.
528 168 604 214 VI.
638 166 796 213 SECT.
811 168 893 215 VI.
935 173 1073 215 SANG.
1094 173 1184 214 PER
1206 173 1368 215 VENAS
1395 173 1525 217 MOT.
1562 178 1758 221 EFFECT.

259 270 333 308 nali
363 276 516 320 utraque
533 296 546 314 ,
575 281 621 307 ex
655 270 883 314 ventriculo,
911 282 957 308 ex
985 268 1164 308 intestinis
1182 299 1191 314 ‚
1227 283 1274 308 ex
1314 273 1427 310 urinae
1462 276 1697 323 receptaculo
1714 303 1728 322 ,
1751 279 1786 316 &
1813 291 1880 330 po.

253 329 432 368 tiffimum
459 329 658 367 resumtum
680 341 725 367 ex
755 329 970 379 digestmnis
999 329 1154 368 officinis
1182 330 1328 369 succum
1357 332 1518 370 alibilem
1536 358 1548 379 ‚
1569 335 1606 370 in
1633 345 1715 383 quov
1737 338 1877 377 futuro.

261 402 348 427 rum.
384 389 584 427 humorum
612 388 859 429 humanorum
890 390 1070 428 elementa
1106 391 1358 429 continentur.
1402 389 1465 428 Uti
1497 392 1533 428 in
1567 400 1666 431 aorta
1699 407 1815 445 ergo,
1835 401 1881 437 ita

270 450 310 487 in
330 450 430 488 venis
457 446 552 485 cavis
570 476 580 492 ,
613 446 738 486 diverfi
767 448 938 487 humores
957 461 1084 487 omnes
1107 450 1366 494 continentur,
1393 449 1577 501 plenaque
1611 452 1708 502 quafi
1742 455 1881 505 sangui-

270 507 327 547 nis
360 519 474 557 penus
501 507 550 545 est
577 519 584 544 :
610 508 648 544 in
673 509 833 547 minimis
861 508 1164 559 nascentibusque
1199 511 1299 546 venis
1325 521 1455 553 cruor,
1484 522 1567 548 cum
1591 512 1715 562 paucis
1739 519 1881 554 tenuio-

266 569 367 607 ribus
387 567 528 615 aquulis
542 566 725 616 superest,
756 570 816 607 eui
852 581 898 606 ex
930 564 1059 606 ordine
1084 569 1109 606 ii
1134 568 1308 607 humores
1342 569 1544 608 redduntur
1572 600 1582 615 ‚
1617 574 1679 621 qui
1717 574 1761 612 de
1791 584 1881 614 arte-

266 629 328 665 riis
356 625 576 665 secesserunt.
630 626 683 665 lta
708 626 771 671 fit,
804 635 844 666 ut
875 630 913 666 in
943 629 1057 668 corde
1084 626 1210 666 omnia
1248 640 1382 677 genera
1413 628 1599 678 liquorum
1628 633 1759 670 iterato
1791 648 1881 673 εφηὮ

269 688 444 732 veniant,
474 698 553 739 quae
581 686 619 724 in
652 686 804 728 diversas
831 689 980 727 animati
1007 689 1173 739 corpoxis
1199 690 1407 738 provincias
1438 688 1574 728 debent
1606 691 1773 731 distabui&

1627 2356 1882 2420 KIBER
