1968 2706
632 142 818 193 SEGT.
859 149 938 191 ΙΙ.
1005 151 1243 191 CRUOR.
1678 155 1728 194 89

131 257 207 284 retu
235 246 467 284 vehementer
501 246 720 290 increscere,
754 247 813 284 die
843 248 1068 287 duodecimo
1099 247 1317 284 stercoream
1352 244 1453 289 fieri,
1489 244 1547 282 die
1581 241 1724 291 trigesi-

131 318 195 343 mo
225 305 331 343 fitum
367 304 436 342 five
469 317 657 343 mucorem
686 306 935 350 efflorescere,
965 306 1048 343 inde
1082 313 1204 343 cutem
1237 306 1273 342 &
1309 317 1430 344 carnes
1469 306 1507 341 in
1544 303 1721 340 foramina

130 365 287 407 collabi,
328 365 532 413 vermesque
566 365 721 416 irrepere
767 366 946 403 animosus
974 364 1182 403 observator
1209 364 1324 402 refert.
1371 364 1425 402 Ad
1459 362 1540 400 usus
1582 360 1721 399 nostros

131 424 279 460 interim
307 423 425 471 aliqua
463 423 727 472 adspergemus.
773 423 932 462 Putredo
974 426 1098 462 omnia
1136 424 1276 461 vincula
1321 424 1476 472 partium
1511 420 1720 460 animalium

128 484 288 531 rumpit,
321 481 491 517 humores
521 481 684 532 alioquin
717 483 989 531 coagulabiles,
1030 494 1220 525 cruorem,
1257 482 1470 530 lympham,
1505 482 1567 518 ovi
1611 478 1718 516 albu-

127 553 237 583 men,
270 540 380 577 amnii
411 538 617 589 quuamen‚
647 544 683 577 in
711 554 790 579 acre
829 542 865 578 &
892 542 997 579 nullo
1034 553 1146 590 porro
1172 552 1313 577 veneno
1341 538 1567 588 coagulabiie
1594 539 1719 576 tabum

128 599 299 641 resolvit,
336 597 481 648 adipem
518 599 716 648 colliquat,
748 612 870 638 carnes
895 598 982 654 (g)
1028 599 1324 649 membranasque
1365 599 1401 635 &
1442 598 1545 636 fibras
1577 597 1718 635 emollit

127 659 268 705 prium,
303 658 385 694 inde
413 658 448 693 in
480 669 630 695 mucum
665 656 784 697 diluit.
831 658 972 698 Omnes
995 659 1167 697 humores
1199 658 1368 696 animales
1395 670 1414 695 a
1451 656 1642 706 putredine
1678 657 1717 692 in

125 715 330 753 detestabile
361 727 541 753 venenum
569 717 713 761 abeunt,
740 725 781 755 ut
813 720 851 755 in
878 731 950 756 ovo
977 716 1232 756 Barrmus
1259 712 1312 765 (h
1329 714 1360 766 ),
1397 722 1564 764 expertus
1596 715 1659 758 est,
1680 715 1716 752 ἃ

125 776 171 811 de
199 775 311 811 boum
342 776 474 812 morbo
504 775 760 814 exstinstorum
791 778 876 814 tabo
905 777 1014 815 refert
1045 771 1205 826 Crzffi'tlz
1241 774 1278 813 H
1295 788 1356 813 uo
1374 787 1399 811 Η
1418 786 1437 811 Ε
1454 787 1468 811 s
1495 771 1568 823 (i).

208 832 377 881 Princeps
418 845 504 871 vero
534 833 807 882 phaenomenon
840 836 1041 884 putredinis
1069 865 1079 879 ‚
1117 846 1237 884 neque
1269 833 1438 872 haetenus
1469 831 1595 869 adultae
1624 826 1716 882 (k)

120 892 193 934 est,
225 892 396 940 expedire
428 904 558 930 aerem.
603 893 644 930 In
675 894 840 931 humanis
872 896 908 931 &
942 895 1153 933 animalium
1188 894 1376 935 carnibus,
1410 890 1631 938 faetubusque
1663 890 1715 925 in-

121 951 230 998 tegris
249 950 338 1001 saepe
363 951 436 990 vidi
461 945 538 1000 (l),
575 951 636 989 sub
664 964 755 1000 aqua
780 952 948 996 mansisse,
980 953 1102 991 donec
1130 955 1280 1000 integrae
1308 957 1428 993 erant,
1459 961 1542 987 cum
1563 948 1714 985 subnato

121 1009 246 1045 faetore
278 1021 364 1046 vero
399 1008 562 1058 undique
601 1011 645 1047 de
681 1017 759 1047 tota
793 1018 874 1048 cute
909 1024 1029 1050 aerem
1060 1009 1250 1048 effloruisse
1270 1038 1280 1053 ,
1314 1009 1444 1059 quibus
1475 1006 1568 1057 quast
1595 1004 1714 1043 veficis

116 1066 307 1104 sublevatae
352 1079 476 1105 carnes
507 1068 552 1104 ad
585 1068 760 1106 summam
801 1081 901 1118 aquae
931 1069 1157 1118 superficiem
1187 1068 1451 1106 adscenderent.
1498 1065 1599 1115 Saepe
1623 1064 1715 1102 mihi

120 1126 237 1164 aestivo
271 1135 438 1174 tempore
465 1127 501 1163 in
528 1127 638 1164 corde
665 1139 723 1164 aer
753 1138 839 1165 cum
866 1128 991 1177 spuma
1022 1128 1166 1164 intritus
1200 1126 1291 1164 visus
1321 1127 1368 1163 est
1398 1125 1469 1173 (m
1482 1122 1506 1172 ).
1557 1124 1599 1161 ln
1629 1125 1713 1160 vivo

120 1183 285 1227 homine,
316 1184 373 1221 sed
393 1184 679 1234 putrescentibus
706 1185 923 1224 humoribus
952 1186 1103 1229 infeeffo,
1141 1187 1178 1222 in
1211 1183 1361 1233 peffimo
1399 1183 1571 1220 scorbuto
1598 1178 1711 1233 (n),

121 1244 156 1277 in
181 1254 386 1290 gangraena,
423 1242 543 1280 similis
573 1245 726 1281 omnino
755 1254 816 1281 aer
840 1252 1057 1294 generatur,
1088 1245 1151 1293 qui
1185 1243 1254 1280 late
1281 1243 1343 1280 sub
1375 1247 1458 1278 cute
1483 1247 1636 1289 regnat,
1676 1241 1714 1276 ὃς

121 1301 352 1349 emphysema
387 1301 503 1338 refert.
545 1300 638 1340 Eum
680 1314 800 1340 aerem
839 1304 876 1341 ὃς
912 1303 1054 1353 sanguis
1095 1308 1265 1351 generat,
1308 1303 1344 1339 δι
1377 1301 1495 1338 serum
1531 1296 1637 1350 (o),
1676 1299 1713 1335 &

62 1367 68 1374 ·
119 1358 226 1406 adeps
254 1358 354 1412 (p),
387 1360 423 1396 ὃς
445 1360 527 1409 ipsae
556 1351 704 1398 dem'um
726 1359 942 1400 solidiffimae
970 1363 1137 1412 corporis
1162 1360 1322 1398 animalis
1352 1355 1432 1412 (q)
1462 1365 1589 1408 partes.
1625 1352 1713 1395 San·

116 1419 267 1465 guinem
300 1418 353 1456 Cl.
385 1418 627 1456 FAvi-:Lzr
666 1417 752 1472 (r)
789 1422 956 1459 corninus
982 1421 1202 1462 observavit,
1245 1420 1307 1468 qui
1337 1418 1381 1455 de
1411 1417 1519 1455 incisa
1547 1428 1637 1455 vena
1672 1416 1710 1452 in

118 1475 250 1513 vitrum
285 1484 457 1526 exceptus
485 1506 495 1520 ,
537 1478 657 1515 ostava
688 1480 761 1526 jam
800 1479 888 1517 hora
923 1487 1066 1528 turgere
1101 1478 1264 1527 incepit,
1303 1475 1495 1517 diffluere,
1534 1484 1710 1523 VRPOrCm

117 1546 236 1573 acrem
255 1535 417 1584 spargere
432 1562 444 1585 ‚
479 1537 514 1572 ὃς
543 1536 727 1575 urinosum
743 1565 752 1580 ‚
786 1537 958 1587 idemque
989 1540 1123 1576 vitrum
1143 1536 1300 1586 denique
1328 1532 1513 1585 displosus
1526 1532 1632 1582 fregit
1646 1528 1704 1628 (ἑ).

1684 1599 1708 1626 x

196 1707 262 1745 [ω
283 1704 312 1736 N
327 1715 466 1737 Avnrn
484 1701 540 1744 fier
559 1705 706 1747 Panzo'lg'ffi
727 1709 772 1739 des
795 1719 823 1739 os
843 1719 873 1748 p.
897 1720 943 1746 34.
964 1708 1046 1747 seqq.

198 1749 264 1784 [h]
288 1747 484 1778 PR1NGLE
521 1757 549 1785 p.
571 1758 638 1781 421.

194 1789 256 1825 [i]
284 1791 407 1819 Natural
433 1788 533 1827 hisioiy
555 1787 589 1825 ⁰f
602 1790 738 1819 harbados
759 1800 788 1829 p.
811 1797 863 1824 63.

198 1831 267 1866 [k]
293 1828 366 1860 Par
384 1840 492 1860 NGLE
520 1840 549 1867 p.
565 1833 632 1862 426.

191 1871 249 1906 [l]
272 1872 409 1901 stlemoir.
428 1870 483 1909 fhr
499 1871 528 1900 la
547 1868 673 1907 respirat.
705 1870 782 1909 Exp.
803 1880 869 1907 132.

193 1911 640 1949 [711]PR1NGLEp.4z7.
1435 1942 1476 1950 .·
1590 1944 1597 1951 .

194 1952 263 1989 [n]
287 1951 446 1983 Fri-sm<
483 1952 606 1981 anmerk.
630 1949 735 1982 T.111.
763 1961 793 1989 p.
809 1958 877 1988 417.
909 1947 1216 1990 Copiossffmmn12ex
1249 1956 1312 1980 uno
1339 1946 1492 1986 sanguinis
1521 1945 1635 1984 pollice
1663 1947 1702 1979 ad

111 1991 239 2031 pollices
264 2000 308 2029 33.
338 1993 364 2022 H
380 2003 427 2023 AL
442 2003 456 2022 ιι
469 2003 480 2022 s
506 1992 644 2031 vegetable
664 1991 759 2028 liatiks
778 2002 802 2022 c.
821 2004 865 2023 V1.
890 2002 959 2032 exp.
978 2002 1026 2029 49.

189 2047 257 2082 [o]
283 2046 421 2083 Apparac.
446 2047 483 2076 ad
507 2045 565 2084 hist.
583 2041 668 2082 sang.
691 2055 720 2083 p.
739 2056 786 2079 φο.

189 2088 258 2124 [p]
280 2086 394 2116 Pariter
417 2088 547 2117 multum
573 2084 621 2113 ID
636 2096 654 2114 E
666 2096 695 2115 M
719 2085 789 2117 ibid.

189 2127 260 2166 [q]
285 2127 312 2157 H
327 2137 376 2157 At,
392 2137 431 2158 ns
456 2127 528 2158 ibid.
553 2125 636 2156 conf.
660 2136 730 2156 cum
755 2128 902 2168 lia-masten.
929 2137 958 2166 p.
984 2131 1050 2161 178.

193 2168 261 2204 [r]
287 2171 332 2198 De
350 2168 481 2206 ferment.
503 2169 619 2198 ventrio.
637 2177 668 2205 p.
690 2177 758 2198 ιιι.

191 2219 232 2297 53
241 2218 256 2253 ]
276 2218 328 2298 IJO
343 2230 362 2250 Y
377 2231 395 2250 1.
409 2231 427 2250 ε
457 2232 489 2260 p.
503 2228 548 2253 88.
574 2220 601 2249 Κ
614 2229 635 2249 R
649 2231 672 2252 U
687 2232 703 2252 ε
716 2231 733 2252 r.
744 2231 765 2252 R
782 2221 929 2262 phffiolog.
945 2230 973 2252 n.
992 2231 1035 2260 53.
1056 2217 1118 2250 Die
1132 2217 1263 2258 septimo
1283 2215 1402 2258 sanguis
1423 2214 1568 2257 putrescit
1585 2211 1613 2246 R
1624 2224 1647 2251 υ
1659 2222 1697 2247 ‘³:-

113 2266 139 2288 ’.Γ
151 2267 172 2288 Y
208 2267 283 2296 ynop
299 2284 306 2290 ,
320 2271 347 2299 p,
365 2271 431 2300 304-

192 2338 340 2383 Haller
368 2340 575 2400 Phyfiolog.
614 2347 724 2386 Tom.
743 2345 786 2383 11.
954 2327 961 2334 '
1155 2343 1199 2383 M
