1968 2706
247 187 331 228 360
690 175 834 219 LIB.
874 173 985 221 VII.
1050 177 1412 220 SECRETIO.

244 281 301 313 tur
323 300 333 319 ‚
364 272 467 312 valde
494 274 643 325 quidem
674 274 767 313 mihi
801 276 994 327 probabile
1024 272 1192 319 videtur,
1217 276 1257 312 in
1282 287 1322 313 ea
1339 275 1473 312 fabrica
1490 285 1610 311 veram
1640 277 1782 324 causam
1812 289 1873 327 pe.

250 333 394 372 culiaris
424 333 559 372 indolis
590 333 658 371 effe
682 363 691 377 ,
712 347 798 384 quae
824 338 861 372 in
884 348 929 373 eo
951 335 1107 377 humore
1123 335 1196 377 est,
1216 335 1280 385 qui
1306 346 1345 372 ea
1364 335 1401 371 in
1429 340 1530 383 parte
1551 334 1740 384 separatur.
1781 335 1871 374 Pro-

216 421 219 424 .
250 395 335 442 pius
367 395 494 442 utique
523 394 566 430 ad
597 405 722 430 verum
750 395 964 432 accederem
983 423 993 438 ‚
1031 393 1057 430 fi
1092 395 1244 438 reffius,
1273 395 1310 430 ἃ
1345 394 1454 444 plene
1484 421 1494 436 ,
1531 405 1571 430 ea
1597 393 1729 433 fabrica
1757 396 1871 433 inno-

251 451 372 490 tuiflet
390 480 398 493 .
430 463 531 489 nunc
555 460 696 490 tantum
725 455 815 492 citra
843 454 999 504 scopum
1026 453 1206 492 subsistere
1237 452 1377 505 necesse
1403 453 1471 496 est,
1503 462 1681 502 quantum
1703 467 1721 492 a
1741 456 1874 503 cogni-

254 511 524 563 tione-‚fabricae
553 512 732 551 distamus.
770 545 779 555 .

768 639 799 679 §-
830 632 889 671 ΙΙ.
943 627 1086 684 Claffes
1110 626 1312 670 humorum

361 750 482 787 Nimis
508 762 612 802 parca
641 751 729 788 mihi
762 751 903 789 videtur
939 751 1065 789 divifio
1087 780 1096 795 ‚
1140 753 1249 801 quam
1294 751 1395 798 prior
1434 743 1702 787 Archibaldus
1747 749 1868 787 Pm-

271 820 330 844 cA
350 821 412 846 RN
432 823 452 846 E
496 811 580 857 (a)
617 810 810 859 proposuit
845 840 853 854 ‚
894 811 978 848 inde
1012 813 1149 860 recepit
1179 809 1246 847 Vir
1276 810 1366 846 oiiin
1405 807 1458 846 (ΣΙ.
1494 804 1633 847 Petrus
1672 804 1870 847 Antonius

268 866 466 905 micum
484 880 581 907 OTT
600 881 620 904 U
638 883 651 906 s
684 866 736 917 (b
754 871 786 918 ).
839 868 1014 908 Sufficere
1038 879 1209 919 putarunt
1241 869 1276 905 hi
1305 869 1453 918 quidem
1475 870 1541 907 cel.
1574 869 1638 906 viri
1666 897 1676 911 ,
1699 868 1722 905 si
1741 869 1870 906 crassbs

259 927 434 966 humores
453 941 470 965 a
490 928 883 980 tenuibussepararent.
922 929 1034 967 Paulo
1051 930 1269 967 contraffior
1285 936 1410 966 contra
1438 929 1525 966 mihi
1543 929 1630 965 olim
1646 927 1773 965 divifio
1795 928 1869 977 pla-

263 989 339 1024 cuit
367 1017 374 1030 ‚
404 1000 514 1032 Quam
558 990 709 1039 quidem
759 991 856 1027 claro
889 990 926 1026 in
969 997 1108 1027 naturae,
1141 988 1288 1027 historia
1327 988 1464 1025 autimi
1510 982 1682 1041 Jolzcmni
1738 983 1868 1025 Gods-

266 1043 304 1083 c}
317 1043 381 1085 alle
415 1045 472 1083 W
488 1060 540 1085 AL
555 1060 709 1087 Lamo
733 1050 814 1101 (c)
836 1078 845 1093 ‚
877 1052 912 1087 &c
938 1049 1150 1098 sanguinem
1180 1049 1330 1098 quidem
1354 1049 1486 1086 omitto
1506 1078 1515 1091 ,
1550 1048 1595 1084 de
1627 1060 1701 1096 quo
1732 1047 1868 1084 dierum

262 1105 302 1143 fit
334 1119 340 1143 :
367 1107 425 1144 sed
456 1107 664 1156 spirituosos
692 1112 800 1148 etiarn
827 1109 999 1147 humores
1023 1110 1129 1146 nimis
1143 1108 1361 1156 ignoratos,
1391 1119 1490 1144 nunc
1507 1106 1654 1157 quidem
1678 1113 1865 1155 praetereo.

263 1166 461 1215 Supersunt
483 1196 491 1209 ‚
523 1181 601 1218 quae
624 1168 713 1207 olim
748 1167 841 1218 (d)
862 1168 1040 1219 proposui
1062 1194 1073 1215 ‚
1101 1166 1161 1205 alii
1189 1179 1275 1205 vero
1306 1168 1390 1204 clari
1420 1168 1484 1203 viri
1513 1167 1732 1215 adoptarunt
1756 1193 1765 1208 ,
1796 1178 1866 1214 ge-

262 1238 346 1264 nera
382 1226 581 1266 humorum
610 1237 768 1278 quatuor
796 1242 803 1266 ε
832 1222 1086 1281 aqucgsorum,
1112 1222 1376 1280 mucosorum,
1404 1220 1737 1279 gehrffnffarum,
1766 1220 1866 1263 oleo·

250 1281 397 1340 Jbrmn.
448 1286 532 1325 Hoc
559 1289 687 1326 ordine
708 1301 770 1326 eos
798 1291 971 1326 humores
998 1298 1128 1325 enarro
1160 1316 1168 1331 ,
1200 1299 1276 1337 quo
1298 1286 1395 1335 ipsos
1421 1297 1545 1323 natura
1576 1285 1763 1322 evidenter
1779 1296 1866 1333 pro-

260 1347 370 1383 ducit.
417 1346 517 1395 Aqua
540 1349 639 1386 enim
667 1349 713 1387 de
744 1356 837 1385 terra
867 1347 985 1384 sorbta
1017 1372 1029 1391 ‚
1061 1349 1097 1383 in
1135 1358 1289 1384 mucum
1313 1347 1433 1395 primo
1460 1344 1646 1396 perficitur
1674 1373 1683 1387 ‚
1719 1342 1788 1384 five
1825 1345 1864 1381 in

258 1401 357 1443 foliis
374 1434 384 1448 ,
415 1405 483 1444 ssve
511 1408 548 1443 in
576 1408 692 1459 stipite
709 1434 720 1454 ‚
751 1406 819 1446 five
852 1407 888 1443 in
910 1405 1046 1445 semine
1074 1407 1174 1444 hunc
1193 1414 1326 1444 naturae
1357 1405 1519 1442 laborem
1540 1402 1772 1454 requifiveris.
1809 1402 1868 1440 Ex

258 1477 370 1503 muco
411 1465 597 1514 aliquanto
628 1469 742 1515 major
766 1469 950 1504 maturitas
987 1465 1181 1514 gelatinam
1204 1495 1214 1510 ,
1248 1464 1401 1515 perfedta
1425 1464 1575 1501 demum
1605 1492 1614 1506 ‚
1651 1464 1687 1499 iu
1728 1461 1863 1500 semine

255 1523 417 1563 oleosam
453 1524 600 1563 farinam
629 1535 728 1576 parat
753 1523 811 1575 (d
828 1531 847 1552 ’⁵
864 1524 891 1576 ).
946 1524 998 1563 Eo
1024 1526 1150 1562 itinere
1178 1524 1289 1562 tritici
1327 1524 1438 1561 farina
1474 1535 1520 1560 ex
1546 1535 1635 1572 aqua
1664 1520 1865 1569 sensimque

250 1582 400 1634 spiffiori
422 1595 531 1622 muco
563 1586 726 1626 nascitur.
763 1585 1029 1625 sincerioribus
1044 1585 1100 1622 his
1131 1585 1350 1623 humoribus
1367 1584 1457 1622 alios
1477 1581 1700 1632 compositos
1726 1580 1862 1618 mistos-

248 1654 320 1694 que
356 1642 541 1683 addemus,

749 1769 783 1810 g.
821 1763 883 1802 ΙΙΙ.
947 1759 1147 1801 Hamores
1173 1761 1296 1815 aquei.

331 1882 397 1921 His
421 1884 635 1921 humoribus
655 1894 854 1920 commune
891 1882 940 1917 est
964 1910 972 1923 ‚
1002 1893 1104 1927 aquae
1128 1880 1262 1918 habere
1294 1880 1339 1916 ad
1371 1878 1509 1927 reliqua
1541 1875 1721 1913 elementa
1749 1875 1858 1911 ratio-

243 1954 330 1981 nem
350 1956 459 1993 quam
489 1945 687 1981 maximam
706 1972 713 1984 „
747 1943 833 1979 hinc
853 1939 1116 1989 expeditiffime
1136 1939 1244 1977 fluere
1261 1964 1272 1985 ‚
1297 1950 1418 1988 neque
1440 1936 1578 1974 trahere
1597 1932 1664 1972 fila.
1700 1935 1753 1972 Ab
1770 1933 1855 1981 igne

243 2002 369 2040 eadem
398 2010 502 2047 tota,
534 2004 607 2040 fere
636 2003 792 2039 minimo
818 2009 948 2038 terreae
987 2007 1182 2037 momento
1206 1997 1417 2046 superstite,
1460 1995 1667 2046 diffipantur
1693 2024 1702 2038 ,
1737 2005 1858 2042 neque

239 2062 284 2100 ab
308 2062 478 2101 alcohole
505 2062 603 2106 vini,
629 2071 688 2099 aut
715 2075 732 2098 a
760 2058 1010 2099 meraciffianis
1053 2059 1097 2096 de
1127 2056 1311 2097 metallico
1335 2059 1443 2097 etiam
1462 2055 1530 2094 sale
1560 2053 1769 2093 stillantibus
1787 2054 1855 2147 agi-

1826 2123 1852 2147 rs

344 2239 388 2274 a)
412 2240 456 2268 De
477 2239 605 2267 circulat.
619 2236 752 2275 sanguin
769 2244 819 2273 per
847 2235 907 2279 vas.
933 2237 1124 2272 min.n.19,

345 2281 389 2315 b)
412 2282 456 2309 De
469 2277 594 2318 sparat.
616 2280 768 2309 humorum
791 2287 817 2307 c.
846 2290 873 2309 z.

346 2324 386 2357 c)
412 2322 568 2359 Hydrolog.
596 2332 625 2360 p.
656 2330 701 2354 79.

344 2364 392 2397 d)
418 2366 521 2392 comm
541 2363 578 2391 ad
606 2359 724 2392 Praelec‘l
756 2359 1023 2390 EonnnAAv.
1056 2356 1098 2388 T.
1123 2355 1160 2387 11.
1189 2366 1218 2395 p.
1243 2365 1313 2392 411.

317 2239 331 2274 (

318 2281 333 2315 (

317 2323 333 2357 (

314 2365 392 2441 ἓ*
373 2404 419 2436 *J
449 2407 488 2434 κἐ.
488 2405 578 2440 ›Jhmi
599 2403 745 2434 HALBS
773 2401 806 2431 in
833 2399 1026 2440 vegmblest:
1021 2401 1086 2432 tziks
1111 2398 1153 2431 est
1180 2396 1364 2429 obseivatio
