<?xml version="1.0" encoding="UTF-8"?>
<!DOCTYPE html PUBLIC "-//W3C//DTD XHTML 1.0 Transitional//EN"
    "http://www.w3.org/TR/xhtml1/DTD/xhtml1-transitional.dtd">
<html xmlns="http://www.w3.org/1999/xhtml" xml:lang="en" lang="en">
 <head>
  <title>
</title>
<meta http-equiv="Content-Type" content="text/html;charset=utf-8" />
  <meta name='ocr-system' content='tesseract 3.04.00' />
  <meta name='ocr-capabilities' content='ocr_page ocr_carea ocr_par ocr_line ocrx_word'/>
</head>
<body>
  <div class='ocr_page' id='page_1' title='image "./elementaphysiolo02hall_0321.png"; bbox 0 0 1968 2706; ppageno 0'>
   <div class='ocr_carea' id='block_1_1' title="bbox 343 114 1659 295">
    <p class='ocr_par' dir='ltr' id='par_1_1' title="bbox 343 114 1659 295">
     <span class='ocr_line' id='line_1_1' title="bbox 569 114 1659 166; baseline -0.014 -3"><span class='ocrx_word' id='word_1_1' title='bbox 569 118 759 162; x_wconf 83' lang='lat' dir='ltr'>MOTI</span> <span class='ocrx_word' id='word_1_2' title='bbox 818 114 1181 158; x_wconf 77' lang='lat' dir='ltr'>EFFECTUS‚</span> <span class='ocrx_word' id='word_1_3' title='bbox 1581 128 1659 166; x_wconf 85' lang='lat'>305</span> 
     </span>
     <span class='ocr_line' id='line_1_2' title="bbox 343 232 1372 295; baseline -0.011 -10"><span class='ocrx_word' id='word_1_4' title='bbox 343 249 376 293; x_wconf 63' lang='grc' dir='ltr'>ξ.</span> <span class='ocrx_word' id='word_1_5' title='bbox 416 242 534 285; x_wconf 80' lang='lat' dir='ltr'>X11.</span> <span class='ocrx_word' id='word_1_6' title='bbox 610 234 840 295; x_wconf 77' lang='lat' dir='ltr'>Hypotlzefis</span> <span class='ocrx_word' id='word_1_7' title='bbox 877 232 1044 276; x_wconf 75' lang='lat' dir='ltr'>Rohertz·</span> <span class='ocrx_word' id='word_1_8' title='bbox 1081 236 1372 276; x_wconf 57' lang='lat' dir='ltr'>Donousa</span> 
     </span>
    </p>
   </div>
   <div class='ocr_carea' id='block_1_2' title="bbox 59 355 1659 1242">
    <p class='ocr_par' dir='ltr' id='par_1_2' title="bbox 59 355 1659 1069">
     <span class='ocr_line' id='line_1_3' title="bbox 158 355 1652 415; baseline -0.007 -10"><span class='ocrx_word' id='word_1_9' title='bbox 158 367 188 405; x_wconf 89' lang='lat' dir='ltr'><strong>A</strong></span> <span class='ocrx_word' id='word_1_10' title='bbox 218 371 361 415; x_wconf 87' lang='lat' dir='ltr'>recepta</span> <span class='ocrx_word' id='word_1_11' title='bbox 385 364 514 403; x_wconf 81' lang='lat' dir='ltr'>caloris</span> <span class='ocrx_word' id='word_1_12' title='bbox 538 373 584 399; x_wconf 88' lang='lat' dir='ltr'>ex</span> <span class='ocrx_word' id='word_1_13' title='bbox 612 360 777 397; x_wconf 68' lang='lat' dir='ltr'>fric‘iione</span> <span class='ocrx_word' id='word_1_14' title='bbox 807 360 880 396; x_wconf 83' lang='lat' dir='ltr'>nati</span> <span class='ocrx_word' id='word_1_15' title='bbox 917 355 1109 407; x_wconf 81' lang='lat' dir='ltr'>hypothesi</span> <span class='ocrx_word' id='word_1_16' title='bbox 1148 356 1315 394; x_wconf 61' lang='lat' dir='ltr'>hactenus</span> <span class='ocrx_word' id='word_1_17' title='bbox 1341 355 1476 395; x_wconf 79' lang='lat' dir='ltr'>receffit</span> <span class='ocrx_word' id='word_1_18' title='bbox 1500 357 1567 396; x_wconf 88' lang='lat' dir='ltr'>Vir</span> <span class='ocrx_word' id='word_1_19' title='bbox 1599 361 1652 399; x_wconf 73' lang='lat' dir='ltr'>Cl.</span> 
     </span>
     <span class='ocr_line' id='line_1_4' title="bbox 65 416 1655 479; baseline -0.006 -14"><span class='ocrx_word' id='word_1_20' title='bbox 65 422 147 479; x_wconf 85' lang='lat' dir='ltr'>(f)</span> <span class='ocrx_word' id='word_1_21' title='bbox 182 433 221 464; x_wconf 90' lang='lat' dir='ltr'>ut</span> <span class='ocrx_word' id='word_1_22' title='bbox 254 425 438 467; x_wconf 87' lang='lat' dir='ltr'>calorem,</span> <span class='ocrx_word' id='word_1_23' title='bbox 471 433 581 471; x_wconf 90' lang='lat' dir='ltr'>quem</span> <span class='ocrx_word' id='word_1_24' title='bbox 612 419 742 457; x_wconf 86' lang='lat' dir='ltr'>animal</span> <span class='ocrx_word' id='word_1_25' title='bbox 773 418 875 468; x_wconf 85' lang='lat' dir='ltr'>supra</span> <span class='ocrx_word' id='word_1_26' title='bbox 905 424 1074 466; x_wconf 88' lang='lat' dir='ltr'>teporem</span> <span class='ocrx_word' id='word_1_27' title='bbox 1110 416 1311 454; x_wconf 84' lang='lat' dir='ltr'>ambeuntis</span> <span class='ocrx_word' id='word_1_28' title='bbox 1353 419 1440 454; x_wconf 85' lang='lat' dir='ltr'>aeris</span> <span class='ocrx_word' id='word_1_29' title='bbox 1469 429 1618 465; x_wconf 81' lang='lat' dir='ltr'>generat</span> <span class='ocrx_word' id='word_1_30' title='bbox 1643 446 1655 465; x_wconf 89' lang='lat'>,</span> 
     </span>
     <span class='ocr_line' id='line_1_5' title="bbox 61 475 1659 526; baseline -0.004 -2"><span class='ocrx_word' id='word_1_31' title='bbox 61 488 169 525; x_wconf 85' lang='lat' dir='ltr'>unice</span> <span class='ocrx_word' id='word_1_32' title='bbox 204 486 247 522; x_wconf 83' lang='lat' dir='ltr'>ad</span> <span class='ocrx_word' id='word_1_33' title='bbox 272 495 348 522; x_wconf 84' lang='lat' dir='ltr'>eam</span> <span class='ocrx_word' id='word_1_34' title='bbox 374 483 575 520; x_wconf 71' lang='lat' dir='ltr'>frifflonem</span> <span class='ocrx_word' id='word_1_35' title='bbox 599 480 792 516; x_wconf 89' lang='lat' dir='ltr'>rubrorum</span> <span class='ocrx_word' id='word_1_36' title='bbox 821 476 1061 526; x_wconf 82' lang='lat' dir='ltr'>globulorum</span> <span class='ocrx_word' id='word_1_37' title='bbox 1092 475 1290 523; x_wconf 84' lang='lat' dir='ltr'>limitaret,</span> <span class='ocrx_word' id='word_1_38' title='bbox 1324 477 1385 526; x_wconf 87' lang='lat' dir='ltr'>qui</span> <span class='ocrx_word' id='word_1_39' title='bbox 1408 489 1471 526; x_wconf 88' lang='lat' dir='ltr'>per</span> <span class='ocrx_word' id='word_1_40' title='bbox 1499 478 1575 516; x_wconf 82' lang='lat' dir='ltr'>vasa</span> <span class='ocrx_word' id='word_1_41' title='bbox 1603 491 1659 517; x_wconf 84' lang='lat' dir='ltr'>ca-</span> 
     </span>
     <span class='ocr_line' id='line_1_6' title="bbox 61 534 1657 596; baseline -0.004 -14"><span class='ocrx_word' id='word_1_42' title='bbox 61 545 198 596; x_wconf 73' lang='lat' dir='ltr'>pillaria</span> <span class='ocrx_word' id='word_1_43' title='bbox 226 544 283 581; x_wconf 86' lang='lat' dir='ltr'>sua</span> <span class='ocrx_word' id='word_1_44' title='bbox 310 543 486 580; x_wconf 83' lang='lat' dir='ltr'>diametro</span> <span class='ocrx_word' id='word_1_45' title='bbox 526 540 729 588; x_wconf 85' lang='lat' dir='ltr'>augustiora</span> <span class='ocrx_word' id='word_1_46' title='bbox 758 537 966 578; x_wconf 81' lang='lat' dir='ltr'>transeant,</span> <span class='ocrx_word' id='word_1_47' title='bbox 988 537 1023 573; x_wconf 86' lang='lat'>&amp;</span> <span class='ocrx_word' id='word_1_48' title='bbox 1045 534 1170 572; x_wconf 83' lang='lat' dir='ltr'>eadem</span> <span class='ocrx_word' id='word_1_49' title='bbox 1196 547 1214 572; x_wconf 87' lang='lat' dir='ltr'>a</span> <span class='ocrx_word' id='word_1_50' title='bbox 1237 536 1362 572; x_wconf 87' lang='lat' dir='ltr'>medio</span> <span class='ocrx_word' id='word_1_51' title='bbox 1379 537 1559 585; x_wconf 81' lang='lat' dir='ltr'>frigidiori</span> <span class='ocrx_word' id='word_1_52' title='bbox 1580 545 1657 576; x_wconf 84' lang='lat' dir='ltr'>tan-</span> 
     </span>
     <span class='ocr_line' id='line_1_7' title="bbox 61 593 1657 655; baseline -0.004 -13"><span class='ocrx_word' id='word_1_53' title='bbox 61 611 197 655; x_wconf 87' lang='lat' dir='ltr'>guntur</span> <span class='ocrx_word' id='word_1_54' title='bbox 227 603 262 639; x_wconf 72' lang='lat' dir='ltr'>&lt;Sc</span> <span class='ocrx_word' id='word_1_55' title='bbox 291 603 516 639; x_wconf 87' lang='lat' dir='ltr'>ambeuntur.</span> <span class='ocrx_word' id='word_1_56' title='bbox 567 599 689 648; x_wconf 85' lang='lat' dir='ltr'>Negat</span> <span class='ocrx_word' id='word_1_57' title='bbox 714 598 812 636; x_wconf 90' lang='lat' dir='ltr'>enim</span> <span class='ocrx_word' id='word_1_58' title='bbox 846 596 914 634; x_wconf 86' lang='lat' dir='ltr'>Vir</span> <span class='ocrx_word' id='word_1_59' title='bbox 937 595 990 634; x_wconf 89' lang='lat' dir='ltr'>Cl.</span> <span class='ocrx_word' id='word_1_60' title='bbox 1033 594 1191 633; x_wconf 80' lang='lat' dir='ltr'>calorem</span> <span class='ocrx_word' id='word_1_61' title='bbox 1233 593 1352 632; x_wconf 87' lang='lat' dir='ltr'>ullum</span> <span class='ocrx_word' id='word_1_62' title='bbox 1380 607 1398 633; x_wconf 89' lang='lat' dir='ltr'>a</span> <span class='ocrx_word' id='word_1_63' title='bbox 1427 596 1591 636; x_wconf 59' lang='lat' dir='ltr'>fridilone</span> <span class='ocrx_word' id='word_1_64' title='bbox 1619 599 1657 636; x_wconf 87' lang='lat' dir='ltr'>in</span> 
     </span>
     <span class='ocr_line' id='line_1_8' title="bbox 61 654 1656 710; baseline -0.004 -8"><span class='ocrx_word' id='word_1_65' title='bbox 61 663 146 702; x_wconf 75' lang='lat' dir='ltr'>vasis</span> <span class='ocrx_word' id='word_1_66' title='bbox 173 662 320 699; x_wconf 85' lang='lat' dir='ltr'>humani</span> <span class='ocrx_word' id='word_1_67' title='bbox 347 661 512 710; x_wconf 88' lang='lat' dir='ltr'>corporis</span> <span class='ocrx_word' id='word_1_68' title='bbox 537 658 726 708; x_wconf 79' lang='lat' dir='ltr'>generari,</span> <span class='ocrx_word' id='word_1_69' title='bbox 746 656 771 693; x_wconf 87' lang='lat' dir='ltr'>si</span> <span class='ocrx_word' id='word_1_70' title='bbox 798 656 924 694; x_wconf 87' lang='lat' dir='ltr'>eadem</span> <span class='ocrx_word' id='word_1_71' title='bbox 959 656 995 692; x_wconf 72' lang='lat' dir='ltr'>Sc</span> <span class='ocrx_word' id='word_1_72' title='bbox 1024 654 1203 701; x_wconf 79' lang='lat' dir='ltr'>sanguinis</span> <span class='ocrx_word' id='word_1_73' title='bbox 1229 654 1419 702; x_wconf 79' lang='lat' dir='ltr'><strong>temperies</strong></span> <span class='ocrx_word' id='word_1_74' title='bbox 1450 657 1578 701; x_wconf 86' lang='lat' dir='ltr'>fuerit,</span> <span class='ocrx_word' id='word_1_75' title='bbox 1619 659 1656 695; x_wconf 89' lang='lat'>&amp;</span> 
     </span>
     <span class='ocr_line' id='line_1_9' title="bbox 61 713 1656 770; baseline -0.004 -10"><span class='ocrx_word' id='word_1_76' title='bbox 61 722 263 761; x_wconf 83' lang='lat' dir='ltr'>ambeuntis</span> <span class='ocrx_word' id='word_1_77' title='bbox 293 728 353 757; x_wconf 87' lang='lat' dir='ltr'>aut</span> <span class='ocrx_word' id='word_1_78' title='bbox 383 721 470 758; x_wconf 85' lang='lat' dir='ltr'>aeris</span> <span class='ocrx_word' id='word_1_79' title='bbox 494 748 503 761; x_wconf 94' lang='lat'><em>‚</em></span> <span class='ocrx_word' id='word_1_80' title='bbox 536 726 597 756; x_wconf 88' lang='lat' dir='ltr'>aut</span> <span class='ocrx_word' id='word_1_81' title='bbox 617 730 720 768; x_wconf 80' lang='lat' dir='ltr'>aquae</span> <span class='ocrx_word' id='word_1_82' title='bbox 751 716 807 770; x_wconf 83' lang='lat' dir='ltr'>(g</span> <span class='ocrx_word' id='word_1_83' title='bbox 826 713 849 762; x_wconf 79' lang='lat'>).</span> <span class='ocrx_word' id='word_1_84' title='bbox 883 715 1023 752; x_wconf 77' lang='lat' dir='ltr'>Excitat</span> <span class='ocrx_word' id='word_1_85' title='bbox 1045 714 1166 751; x_wconf 52' lang='lat' dir='ltr'>eadem</span> <span class='ocrx_word' id='word_1_86' title='bbox 1185 742 1193 755; x_wconf 89' lang='lat'>‚</span> <span class='ocrx_word' id='word_1_87' title='bbox 1211 725 1289 761; x_wconf 81' lang='lat' dir='ltr'>quae</span> <span class='ocrx_word' id='word_1_88' title='bbox 1307 715 1414 750; x_wconf 77' lang='lat' dir='ltr'>etiam</span> <span class='ocrx_word' id='word_1_89' title='bbox 1439 727 1507 752; x_wconf 76' lang='lat' dir='ltr'>nos</span> <span class='ocrx_word' id='word_1_90' title='bbox 1532 728 1656 754; x_wconf 84' lang='lat' dir='ltr'>recen-</span> 
     </span>
     <span class='ocr_line' id='line_1_10' title="bbox 59 772 1653 828; baseline -0.005 -8"><span class='ocrx_word' id='word_1_91' title='bbox 59 783 191 820; x_wconf 76' lang='lat' dir='ltr'>suimus</span> <span class='ocrx_word' id='word_1_92' title='bbox 213 780 462 828; x_wconf 82' lang='lat' dir='ltr'>experimenta</span> <span class='ocrx_word' id='word_1_93' title='bbox 490 777 506 825; x_wconf 93' lang='lat'><strong>(</strong></span> <span class='ocrx_word' id='word_1_94' title='bbox 525 773 547 816; x_wconf 76' lang='lat' dir='ltr'>lz</span> <span class='ocrx_word' id='word_1_95' title='bbox 565 779 582 826; x_wconf 92' lang='lat'><em>)</em></span> <span class='ocrx_word' id='word_1_96' title='bbox 604 804 615 822; x_wconf 82' lang='lat'><strong>‚</strong></span> <span class='ocrx_word' id='word_1_97' title='bbox 641 789 687 815; x_wconf 85' lang='lat' dir='ltr'>ex</span> <span class='ocrx_word' id='word_1_98' title='bbox 707 777 835 826; x_wconf 85' lang='lat' dir='ltr'>quibus</span> <span class='ocrx_word' id='word_1_99' title='bbox 851 774 1011 817; x_wconf 82' lang='lat' dir='ltr'>constat,</span> <span class='ocrx_word' id='word_1_100' title='bbox 1032 786 1097 825; x_wconf 88' lang='lat' dir='ltr'>per</span> <span class='ocrx_word' id='word_1_101' title='bbox 1122 772 1279 809; x_wconf 80' lang='lat' dir='ltr'>calorem</span> <span class='ocrx_word' id='word_1_102' title='bbox 1299 774 1385 810; x_wconf 81' lang='lat' dir='ltr'>aeris</span> <span class='ocrx_word' id='word_1_103' title='bbox 1403 799 1414 817; x_wconf 89' lang='lat'>,</span> <span class='ocrx_word' id='word_1_104' title='bbox 1447 780 1507 811; x_wconf 87' lang='lat' dir='ltr'>aut</span> <span class='ocrx_word' id='word_1_105' title='bbox 1533 787 1653 825; x_wconf 82' lang='lat' dir='ltr'>aquae,</span> 
     </span>
     <span class='ocr_line' id='line_1_11' title="bbox 61 831 1655 887; baseline -0.003 -11"><span class='ocrx_word' id='word_1_106' title='bbox 61 843 119 880; x_wconf 88' lang='lat' dir='ltr'>cui</span> <span class='ocrx_word' id='word_1_107' title='bbox 150 840 410 887; x_wconf 75' lang='lat' dir='ltr'>immergimur,</span> <span class='ocrx_word' id='word_1_108' title='bbox 442 838 583 875; x_wconf 87' lang='lat' dir='ltr'>nullum</span> <span class='ocrx_word' id='word_1_109' title='bbox 600 848 736 875; x_wconf 90' lang='lat' dir='ltr'>novum</span> <span class='ocrx_word' id='word_1_110' title='bbox 760 836 918 875; x_wconf 83' lang='lat' dir='ltr'>calorem</span> <span class='ocrx_word' id='word_1_111' title='bbox 945 833 1117 881; x_wconf 85' lang='lat' dir='ltr'>generari.</span> <span class='ocrx_word' id='word_1_112' title='bbox 1167 831 1220 869; x_wconf 90' lang='lat' dir='ltr'>Eo</span> <span class='ocrx_word' id='word_1_113' title='bbox 1248 838 1370 870; x_wconf 83' lang='lat' dir='ltr'>autem</span> <span class='ocrx_word' id='word_1_114' title='bbox 1403 835 1655 881; x_wconf 79' lang='lat' dir='ltr'>experimento</span> 
     </span>
     <span class='ocr_line' id='line_1_12' title="bbox 60 890 1656 942; baseline -0.005 -3"><span class='ocrx_word' id='word_1_115' title='bbox 60 902 108 939; x_wconf 77' lang='lat' dir='ltr'>ita</span> <span class='ocrx_word' id='word_1_116' title='bbox 137 900 249 937; x_wconf 86' lang='lat' dir='ltr'>utitur</span> <span class='ocrx_word' id='word_1_117' title='bbox 270 924 280 941; x_wconf 82' lang='lat'>‚</span> <span class='ocrx_word' id='word_1_118' title='bbox 298 905 337 935; x_wconf 93' lang='lat' dir='ltr'>ut</span> <span class='ocrx_word' id='word_1_119' title='bbox 362 898 562 935; x_wconf 65' lang='lat' dir='ltr'>fridtionem</span> <span class='ocrx_word' id='word_1_120' title='bbox 585 895 652 934; x_wconf 83' lang='lat' dir='ltr'>aiat</span> <span class='ocrx_word' id='word_1_121' title='bbox 680 895 816 932; x_wconf 86' lang='lat' dir='ltr'>nullam</span> <span class='ocrx_word' id='word_1_122' title='bbox 843 894 933 937; x_wconf 83' lang='lat' dir='ltr'>effe,</span> <span class='ocrx_word' id='word_1_123' title='bbox 965 894 1234 942; x_wconf 86' lang='lat' dir='ltr'>quamprimum</span> <span class='ocrx_word' id='word_1_124' title='bbox 1263 890 1350 928; x_wconf 86' lang='lat' dir='ltr'>aeris</span> <span class='ocrx_word' id='word_1_125' title='bbox 1378 893 1581 930; x_wconf 86' lang='lat' dir='ltr'>ambeuntis</span> <span class='ocrx_word' id='word_1_126' title='bbox 1605 901 1656 931; x_wconf 88' lang='lat' dir='ltr'>te-</span> 
     </span>
     <span class='ocr_line' id='line_1_13' title="bbox 60 950 1656 1009; baseline -0.004 -12"><span class='ocrx_word' id='word_1_127' title='bbox 60 972 131 1009; x_wconf 87' lang='lat' dir='ltr'>por</span> <span class='ocrx_word' id='word_1_128' title='bbox 161 957 329 995; x_wconf 69' lang='lat' dir='ltr'>hastenus</span> <span class='ocrx_word' id='word_1_129' title='bbox 354 957 531 1006; x_wconf 79' lang='lat' dir='ltr'>capillaria</span> <span class='ocrx_word' id='word_1_130' title='bbox 564 956 640 994; x_wconf 85' lang='lat' dir='ltr'>vasa</span> <span class='ocrx_word' id='word_1_131' title='bbox 675 955 864 997; x_wconf 80' lang='lat' dir='ltr'>dilatavit,</span> <span class='ocrx_word' id='word_1_132' title='bbox 899 960 939 990; x_wconf 88' lang='lat' dir='ltr'>ut</span> <span class='ocrx_word' id='word_1_133' title='bbox 967 963 1096 989; x_wconf 87' lang='lat' dir='ltr'>eorum</span> <span class='ocrx_word' id='word_1_134' title='bbox 1116 952 1241 989; x_wconf 86' lang='lat' dir='ltr'>lumen</span> <span class='ocrx_word' id='word_1_135' title='bbox 1264 950 1440 990; x_wconf 82' lang='lat' dir='ltr'>diametro</span> <span class='ocrx_word' id='word_1_136' title='bbox 1462 952 1656 991; x_wconf 88' lang='lat' dir='ltr'>rubrorum</span> 
     </span>
     <span class='ocr_line' id='line_1_14' title="bbox 59 1012 630 1069; baseline -0.007 -12"><span class='ocrx_word' id='word_1_137' title='bbox 59 1018 299 1069; x_wconf 85' lang='lat' dir='ltr'>globulorum</span> <span class='ocrx_word' id='word_1_138' title='bbox 323 1017 437 1063; x_wconf 81' lang='lat' dir='ltr'>majus</span> <span class='ocrx_word' id='word_1_139' title='bbox 468 1015 509 1053; x_wconf 84' lang='lat' dir='ltr'>fit</span> <span class='ocrx_word' id='word_1_140' title='bbox 530 1012 581 1067; x_wconf 85' lang='lat' dir='ltr'>(i</span> <span class='ocrx_word' id='word_1_141' title='bbox 599 1012 630 1066; x_wconf 84' lang='lat'>).</span> 
     </span>
    </p>

    <p class='ocr_par' dir='ltr' id='par_1_3' title="bbox 63 1069 1658 1242">
     <span class='ocr_line' id='line_1_15' title="bbox 147 1069 1658 1124; baseline -0.003 -10"><span class='ocrx_word' id='word_1_142' title='bbox 147 1077 240 1119; x_wconf 86' lang='lat' dir='ltr'>Alii,</span> <span class='ocrx_word' id='word_1_143' title='bbox 264 1076 475 1124; x_wconf 87' lang='lat' dir='ltr'>nuperiores</span> <span class='ocrx_word' id='word_1_144' title='bbox 506 1074 695 1124; x_wconf 87' lang='lat' dir='ltr'>scriptores</span> <span class='ocrx_word' id='word_1_145' title='bbox 726 1069 816 1120; x_wconf 80' lang='lat' dir='ltr'>(k)</span> <span class='ocrx_word' id='word_1_146' title='bbox 841 1100 851 1114; x_wconf 91' lang='lat'>‚</span> <span class='ocrx_word' id='word_1_147' title='bbox 878 1071 1078 1109; x_wconf 61' lang='lat' dir='ltr'>eleiiricam</span> <span class='ocrx_word' id='word_1_148' title='bbox 1110 1071 1298 1109; x_wconf 80' lang='lat' dir='ltr'>materiem</span> <span class='ocrx_word' id='word_1_149' title='bbox 1323 1071 1555 1115; x_wconf 85' lang='lat' dir='ltr'>accusarunt,</span> <span class='ocrx_word' id='word_1_150' title='bbox 1578 1083 1658 1121; x_wconf 84' lang='lat' dir='ltr'>quae</span> 
     </span>
     <span class='ocr_line' id='line_1_16' title="bbox 63 1129 1657 1183; baseline -0.004 -9"><span class='ocrx_word' id='word_1_151' title='bbox 63 1148 110 1174; x_wconf 82' lang='lat' dir='ltr'>ex</span> <span class='ocrx_word' id='word_1_152' title='bbox 143 1144 233 1173; x_wconf 84' lang='lat' dir='ltr'>terra</span> <span class='ocrx_word' id='word_1_153' title='bbox 254 1160 265 1179; x_wconf 69' lang='lat'>7</span> <span class='ocrx_word' id='word_1_154' title='bbox 285 1135 321 1171; x_wconf 66' lang='grc' dir='ltr'>ὃς</span> <span class='ocrx_word' id='word_1_155' title='bbox 347 1134 600 1171; x_wconf 85' lang='lat' dir='ltr'>ambeuntibus</span> <span class='ocrx_word' id='word_1_156' title='bbox 627 1133 843 1183; x_wconf 85' lang='lat' dir='ltr'>corporibus</span> <span class='ocrx_word' id='word_1_157' title='bbox 874 1129 1089 1172; x_wconf 77' lang='lat' dir='ltr'>adficiatur,</span> <span class='ocrx_word' id='word_1_158' title='bbox 1129 1130 1164 1166; x_wconf 74' lang='lat' dir='ltr'>Sc</span> <span class='ocrx_word' id='word_1_159' title='bbox 1208 1143 1227 1168; x_wconf 87' lang='lat' dir='ltr'>a</span> <span class='ocrx_word' id='word_1_160' title='bbox 1256 1130 1415 1178; x_wconf 83' lang='lat' dir='ltr'>globulis</span> <span class='ocrx_word' id='word_1_161' title='bbox 1447 1132 1564 1171; x_wconf 85' lang='lat' dir='ltr'>rubris</span> <span class='ocrx_word' id='word_1_162' title='bbox 1597 1131 1657 1169; x_wconf 83' lang='lat' dir='ltr'>ad-</span> 
     </span>
     <span class='ocr_line' id='line_1_17' title="bbox 64 1194 579 1242; baseline -0.006 -9"><span class='ocrx_word' id='word_1_163' title='bbox 64 1195 170 1233; x_wconf 62' lang='lat' dir='ltr'>traeta</span> <span class='ocrx_word' id='word_1_164' title='bbox 189 1224 199 1239; x_wconf 91' lang='lat'>‚</span> <span class='ocrx_word' id='word_1_165' title='bbox 229 1194 387 1231; x_wconf 78' lang='lat' dir='ltr'>calorem</span> <span class='ocrx_word' id='word_1_166' title='bbox 420 1200 579 1242; x_wconf 79' lang='lat' dir='ltr'>generet.</span> 
     </span>
    </p>
   </div>
   <div class='ocr_carea' id='block_1_3' title="bbox 224 1301 1478 1362">
    <p class='ocr_par' dir='ltr' id='par_1_4' title="bbox 224 1301 1478 1362">
     <span class='ocr_line' id='line_1_18' title="bbox 224 1301 1478 1362; baseline -0.003 -12"><span class='ocrx_word' id='word_1_167' title='bbox 224 1317 259 1359; x_wconf 77' lang='lat'>§-</span> <span class='ocrx_word' id='word_1_168' title='bbox 302 1310 446 1351; x_wconf 91' lang='grc' dir='ltr'>ΧΙΙΙ.</span> <span class='ocrx_word' id='word_1_169' title='bbox 506 1307 620 1362; x_wconf 70' lang='lat' dir='ltr'>Qyid</span> <span class='ocrx_word' id='word_1_170' title='bbox 646 1321 697 1349; x_wconf 78' lang='lat' dir='ltr'>ex</span> <span class='ocrx_word' id='word_1_171' title='bbox 735 1303 860 1360; x_wconf 83' lang='lat' dir='ltr'>nostra</span> <span class='ocrx_word' id='word_1_172' title='bbox 881 1302 1080 1361; x_wconf 77' lang='lat' dir='ltr'>sententia</span> <span class='ocrx_word' id='word_1_173' title='bbox 1116 1301 1178 1344; x_wconf 78' lang='lat' dir='ltr'>hic</span> <span class='ocrx_word' id='word_1_174' title='bbox 1201 1301 1332 1358; x_wconf 75' lang='lat' dir='ltr'>statzcz&#39;</span> <span class='ocrx_word' id='word_1_175' title='bbox 1355 1303 1478 1359; x_wconf 75' lang='lat' dir='ltr'>pqffit.</span> 
     </span>
    </p>
   </div>
   <div class='ocr_carea' id='block_1_4' title="bbox 59 1425 1664 1998">
    <p class='ocr_par' dir='ltr' id='par_1_5' title="bbox 59 1425 1664 1896">
     <span class='ocr_line' id='line_1_19' title="bbox 147 1425 1659 1480; baseline -0.001 -12"><span class='ocrx_word' id='word_1_176' title='bbox 147 1428 198 1468; x_wconf 92' lang='lat' dir='ltr'>Ut</span> <span class='ocrx_word' id='word_1_177' title='bbox 218 1431 261 1468; x_wconf 86' lang='lat' dir='ltr'>ab</span> <span class='ocrx_word' id='word_1_178' title='bbox 285 1430 412 1468; x_wconf 85' lang='lat' dir='ltr'>ultima</span> <span class='ocrx_word' id='word_1_179' title='bbox 440 1429 632 1480; x_wconf 87' lang='lat' dir='ltr'>hypothesi</span> <span class='ocrx_word' id='word_1_180' title='bbox 659 1430 805 1467; x_wconf 88' lang='lat' dir='ltr'>initium</span> <span class='ocrx_word' id='word_1_181' title='bbox 829 1429 956 1466; x_wconf 82' lang='lat' dir='ltr'>faciam</span> <span class='ocrx_word' id='word_1_182' title='bbox 983 1454 992 1468; x_wconf 90' lang='lat'><em>‚</em></span> <span class='ocrx_word' id='word_1_183' title='bbox 1023 1426 1072 1463; x_wconf 87' lang='lat' dir='ltr'>est</span> <span class='ocrx_word' id='word_1_184' title='bbox 1095 1425 1268 1475; x_wconf 87' lang='lat' dir='ltr'>equidem</span> <span class='ocrx_word' id='word_1_185' title='bbox 1292 1427 1330 1463; x_wconf 91' lang='lat' dir='ltr'>in</span> <span class='ocrx_word' id='word_1_186' title='bbox 1354 1426 1529 1475; x_wconf 83' lang='lat' dir='ltr'>sanguine</span> <span class='ocrx_word' id='word_1_187' title='bbox 1558 1429 1659 1467; x_wconf 76' lang='lat' dir='ltr'>elec-</span> 
     </span>
     <span class='ocr_line' id='line_1_20' title="bbox 62 1485 1663 1541; baseline -0.002 -13"><span class='ocrx_word' id='word_1_188' title='bbox 62 1493 150 1528; x_wconf 87' lang='lat' dir='ltr'>trica</span> <span class='ocrx_word' id='word_1_189' title='bbox 173 1491 337 1527; x_wconf 84' lang='lat' dir='ltr'>materies</span> <span class='ocrx_word' id='word_1_190' title='bbox 353 1518 362 1533; x_wconf 91' lang='lat'>,</span> <span class='ocrx_word' id='word_1_191' title='bbox 384 1502 464 1539; x_wconf 87' lang='lat' dir='ltr'>quae</span> <span class='ocrx_word' id='word_1_192' title='bbox 485 1491 603 1528; x_wconf 85' lang='lat' dir='ltr'>lucida</span> <span class='ocrx_word' id='word_1_193' title='bbox 623 1486 742 1541; x_wconf 66' lang='lat' dir='ltr'>speeie</span> <span class='ocrx_word' id='word_1_194' title='bbox 766 1490 801 1526; x_wconf 68' lang='grc' dir='ltr'>ἃ</span> <span class='ocrx_word' id='word_1_195' title='bbox 826 1486 998 1538; x_wconf 82' lang='lat' dir='ltr'>peculiari</span> <span class='ocrx_word' id='word_1_196' title='bbox 1019 1485 1136 1522; x_wconf 87' lang='lat' dir='ltr'>odore</span> <span class='ocrx_word' id='word_1_197' title='bbox 1160 1485 1193 1522; x_wconf 90' lang='lat' dir='ltr'>se</span> <span class='ocrx_word' id='word_1_198' title='bbox 1219 1485 1355 1537; x_wconf 84' lang='lat' dir='ltr'>prodit.</span> <span class='ocrx_word' id='word_1_199' title='bbox 1393 1485 1545 1535; x_wconf 81' lang='lat' dir='ltr'>Sanguis</span> <span class='ocrx_word' id='word_1_200' title='bbox 1565 1489 1663 1525; x_wconf 90' lang='lat' dir='ltr'>enim</span> 
     </span>
     <span class='ocr_line' id='line_1_21' title="bbox 59 1544 1662 1599; baseline -0.005 -12"><span class='ocrx_word' id='word_1_201' title='bbox 59 1546 220 1587; x_wconf 87' lang='lat' dir='ltr'>hominis</span> <span class='ocrx_word' id='word_1_202' title='bbox 245 1549 446 1586; x_wconf 65' lang='lat' dir='ltr'>eleetricam</span> <span class='ocrx_word' id='word_1_203' title='bbox 461 1558 623 1587; x_wconf 85' lang='lat' dir='ltr'>naturam</span> <span class='ocrx_word' id='word_1_204' title='bbox 651 1549 797 1599; x_wconf 89' lang='lat' dir='ltr'>adepti,</span> <span class='ocrx_word' id='word_1_205' title='bbox 814 1547 857 1584; x_wconf 89' lang='lat' dir='ltr'>de</span> <span class='ocrx_word' id='word_1_206' title='bbox 873 1558 964 1584; x_wconf 80' lang='lat' dir='ltr'>vena</span> <span class='ocrx_word' id='word_1_207' title='bbox 987 1544 1135 1586; x_wconf 83' lang='lat' dir='ltr'>saliens,</span> <span class='ocrx_word' id='word_1_208' title='bbox 1161 1545 1197 1580; x_wconf 89' lang='lat' dir='ltr'>in</span> <span class='ocrx_word' id='word_1_209' title='bbox 1222 1545 1376 1581; x_wconf 89' lang='lat' dir='ltr'>tenebris</span> <span class='ocrx_word' id='word_1_210' title='bbox 1398 1545 1556 1583; x_wconf 88' lang='lat' dir='ltr'>lucidam</span> <span class='ocrx_word' id='word_1_211' title='bbox 1582 1547 1662 1596; x_wconf 90' lang='lat' dir='ltr'>plu-</span> 
     </span>
     <span class='ocr_line' id='line_1_22' title="bbox 62 1603 1663 1655; baseline -0.002 -8"><span class='ocrx_word' id='word_1_212' title='bbox 62 1611 158 1647; x_wconf 79' lang='lat' dir='ltr'>viam</span> <span class='ocrx_word' id='word_1_213' title='bbox 178 1608 292 1645; x_wconf 82' lang='lat' dir='ltr'>edidit</span> <span class='ocrx_word' id='word_1_214' title='bbox 320 1603 404 1655; x_wconf 85' lang='lat' dir='ltr'><em>(l).</em></span> <span class='ocrx_word' id='word_1_215' title='bbox 448 1607 586 1647; x_wconf 88' lang='lat' dir='ltr'>Verum</span> <span class='ocrx_word' id='word_1_216' title='bbox 614 1607 690 1645; x_wconf 83' lang='lat' dir='ltr'>haec</span> <span class='ocrx_word' id='word_1_217' title='bbox 719 1606 846 1644; x_wconf 80' lang='lat' dir='ltr'>eadem</span> <span class='ocrx_word' id='word_1_218' title='bbox 874 1606 1039 1643; x_wconf 84' lang='lat' dir='ltr'>materies</span> <span class='ocrx_word' id='word_1_219' title='bbox 1062 1615 1079 1640; x_wconf 82' lang='lat' dir='ltr'>a</span> <span class='ocrx_word' id='word_1_220' title='bbox 1111 1604 1249 1651; x_wconf 79' lang='lat' dir='ltr'>frigidis</span> <span class='ocrx_word' id='word_1_221' title='bbox 1286 1603 1500 1642; x_wconf 79' lang='lat' dir='ltr'>animalibus</span> <span class='ocrx_word' id='word_1_222' title='bbox 1526 1617 1601 1643; x_wconf 91' lang='lat' dir='ltr'>non</span> <span class='ocrx_word' id='word_1_223' title='bbox 1628 1619 1663 1644; x_wconf 84' lang='lat' dir='ltr'>a·</span> 
     </span>
     <span class='ocr_line' id='line_1_23' title="bbox 60 1663 1664 1719; baseline -0.001 -14"><span class='ocrx_word' id='word_1_224' title='bbox 60 1668 138 1707; x_wconf 88' lang='lat' dir='ltr'>best</span> <span class='ocrx_word' id='word_1_225' title='bbox 155 1693 167 1710; x_wconf 86' lang='lat'>‚</span> <span class='ocrx_word' id='word_1_226' title='bbox 201 1678 320 1717; x_wconf 89' lang='lat' dir='ltr'>neque</span> <span class='ocrx_word' id='word_1_227' title='bbox 356 1674 477 1705; x_wconf 87' lang='lat' dir='ltr'>tamen</span> <span class='ocrx_word' id='word_1_228' title='bbox 503 1667 662 1705; x_wconf 83' lang='lat' dir='ltr'>calorem</span> <span class='ocrx_word' id='word_1_229' title='bbox 687 1666 868 1719; x_wconf 85' lang='lat' dir='ltr'>producit.</span> <span class='ocrx_word' id='word_1_230' title='bbox 916 1663 1051 1713; x_wconf 87' lang='lat' dir='ltr'>Vipera</span> <span class='ocrx_word' id='word_1_231' title='bbox 1075 1692 1085 1706; x_wconf 95' lang='lat'>,</span> <span class='ocrx_word' id='word_1_232' title='bbox 1121 1674 1202 1712; x_wconf 62' lang='lat' dir='ltr'>quae</span> <span class='ocrx_word' id='word_1_233' title='bbox 1229 1663 1435 1701; x_wconf 68' lang='lat' dir='ltr'>eleciricum</span> <span class='ocrx_word' id='word_1_234' title='bbox 1463 1671 1664 1703; x_wconf 72' lang='lat' dir='ltr'>torrentem</span> 
     </span>
     <span class='ocr_line' id='line_1_24' title="bbox 64 1720 1663 1777; baseline -0.003 -12"><span class='ocrx_word' id='word_1_235' title='bbox 64 1729 225 1765; x_wconf 87' lang='lat' dir='ltr'>emittere</span> <span class='ocrx_word' id='word_1_236' title='bbox 252 1733 333 1775; x_wconf 85' lang='lat' dir='ltr'>apta</span> <span class='ocrx_word' id='word_1_237' title='bbox 363 1727 449 1763; x_wconf 69' lang='grc' dir='ltr'>Γεᾶᾶ</span> <span class='ocrx_word' id='word_1_238' title='bbox 483 1727 532 1764; x_wconf 89' lang='lat' dir='ltr'>est</span> <span class='ocrx_word' id='word_1_239' title='bbox 550 1754 563 1771; x_wconf 90' lang='lat'>,</span> <span class='ocrx_word' id='word_1_240' title='bbox 599 1726 749 1777; x_wconf 88' lang='lat' dir='ltr'>perinde</span> <span class='ocrx_word' id='word_1_241' title='bbox 777 1723 965 1762; x_wconf 83' lang='lat' dir='ltr'>scintillam</span> <span class='ocrx_word' id='word_1_242' title='bbox 996 1723 1160 1765; x_wconf 80' lang='lat' dir='ltr'>emittit,</span> <span class='ocrx_word' id='word_1_243' title='bbox 1196 1730 1238 1760; x_wconf 92' lang='lat' dir='ltr'>ut</span> <span class='ocrx_word' id='word_1_244' title='bbox 1259 1734 1338 1761; x_wconf 86' lang='lat' dir='ltr'>mus</span> <span class='ocrx_word' id='word_1_245' title='bbox 1356 1752 1365 1766; x_wconf 84' lang='lat'><strong>,</strong></span> <span class='ocrx_word' id='word_1_246' title='bbox 1399 1725 1500 1770; x_wconf 89' lang='lat' dir='ltr'>cujus</span> <span class='ocrx_word' id='word_1_247' title='bbox 1521 1720 1663 1773; x_wconf 84' lang='lat' dir='ltr'>sanguis</span> 
     </span>
     <span class='ocr_line' id='line_1_25' title="bbox 62 1778 1663 1835; baseline -0.001 -12"><span class='ocrx_word' id='word_1_248' title='bbox 62 1785 167 1824; x_wconf 87' lang='lat' dir='ltr'>calet.</span> <span class='ocrx_word' id='word_1_249' title='bbox 209 1785 279 1822; x_wconf 85' lang='lat' dir='ltr'>Sed</span> <span class='ocrx_word' id='word_1_250' title='bbox 307 1787 416 1823; x_wconf 85' lang='lat' dir='ltr'>etiam</span> <span class='ocrx_word' id='word_1_251' title='bbox 445 1786 596 1823; x_wconf 85' lang='lat' dir='ltr'>cadaver</span> <span class='ocrx_word' id='word_1_252' title='bbox 625 1785 813 1823; x_wconf 83' lang='lat' dir='ltr'>scintillam</span> <span class='ocrx_word' id='word_1_253' title='bbox 841 1783 989 1835; x_wconf 83' lang='lat' dir='ltr'>perinde</span> <span class='ocrx_word' id='word_1_254' title='bbox 1023 1780 1110 1819; x_wconf 86' lang='lat' dir='ltr'>edit.</span> <span class='ocrx_word' id='word_1_255' title='bbox 1158 1781 1245 1820; x_wconf 91' lang='lat' dir='ltr'>Non</span> <span class='ocrx_word' id='word_1_256' title='bbox 1284 1794 1373 1830; x_wconf 81' lang='lat' dir='ltr'>ergo</span> <span class='ocrx_word' id='word_1_257' title='bbox 1402 1778 1545 1821; x_wconf 88' lang='lat' dir='ltr'>videtur</span> <span class='ocrx_word' id='word_1_258' title='bbox 1578 1795 1663 1822; x_wconf 87' lang='lat' dir='ltr'>cum</span> 
     </span>
     <span class='ocr_line' id='line_1_26' title="bbox 64 1840 1542 1896; baseline -0.003 -13"><span class='ocrx_word' id='word_1_259' title='bbox 64 1845 182 1882; x_wconf 84' lang='lat' dir='ltr'>calore</span> <span class='ocrx_word' id='word_1_260' title='bbox 215 1843 385 1882; x_wconf 57' lang='lat' dir='ltr'>eleetricae</span> <span class='ocrx_word' id='word_1_261' title='bbox 409 1846 564 1882; x_wconf 85' lang='lat' dir='ltr'>materiae</span> <span class='ocrx_word' id='word_1_262' title='bbox 598 1842 782 1896; x_wconf 79' lang='lat' dir='ltr'>praesentia</span> <span class='ocrx_word' id='word_1_263' title='bbox 806 1843 929 1892; x_wconf 87' lang='lat' dir='ltr'>aliquo</span> <span class='ocrx_word' id='word_1_264' title='bbox 957 1840 1150 1879; x_wconf 80' lang='lat' dir='ltr'>necessario</span> <span class='ocrx_word' id='word_1_265' title='bbox 1174 1842 1324 1879; x_wconf 90' lang='lat' dir='ltr'>vinculo</span> <span class='ocrx_word' id='word_1_266' title='bbox 1353 1840 1542 1890; x_wconf 85' lang='lat' dir='ltr'>conjungi.</span> 
     </span>
    </p>

    <p class='ocr_par' dir='ltr' id='par_1_6' title="bbox 149 1897 1659 1951">
     <span class='ocr_line' id='line_1_27' title="bbox 149 1897 1659 1951; baseline -0.001 -10"><span class='ocrx_word' id='word_1_267' title='bbox 149 1900 295 1941; x_wconf 85' lang='lat' dir='ltr'>Deinde</span> <span class='ocrx_word' id='word_1_268' title='bbox 326 1904 363 1941; x_wconf 89' lang='lat' dir='ltr'>in</span> <span class='ocrx_word' id='word_1_269' title='bbox 396 1898 562 1942; x_wconf 30' lang='lat' dir='ltr'>Rohverzz·</span> <span class='ocrx_word' id='word_1_270' title='bbox 595 1903 930 1941; x_wconf 61' lang='lat' dir='ltr'>Douemssn</span> <span class='ocrx_word' id='word_1_271' title='bbox 957 1897 1149 1950; x_wconf 81' lang='lat' dir='ltr'>hypothesi</span> <span class='ocrx_word' id='word_1_272' title='bbox 1181 1925 1193 1943; x_wconf 87' lang='lat'>‚</span> <span class='ocrx_word' id='word_1_273' title='bbox 1235 1912 1328 1937; x_wconf 86' lang='lat' dir='ltr'>nova</span> <span class='ocrx_word' id='word_1_274' title='bbox 1362 1898 1464 1951; x_wconf 89' lang='lat' dir='ltr'>(m)</span> <span class='ocrx_word' id='word_1_275' title='bbox 1488 1901 1616 1950; x_wconf 89' lang='lat' dir='ltr'>utique</span> <span class='ocrx_word' id='word_1_276' title='bbox 1648 1929 1659 1944; x_wconf 69' lang='lat'><em>,</em></span> 
     </span>
    </p>

    <p class='ocr_par' dir='ltr' id='par_1_7' title="bbox 1548 1959 1663 1998">
     <span class='ocr_line' id='line_1_28' title="bbox 1548 1959 1663 1998; baseline 0.009 -1"><span class='ocrx_word' id='word_1_277' title='bbox 1548 1959 1663 1998; x_wconf 83' lang='lat' dir='ltr'>multa</span> 
     </span>
    </p>
   </div>
   <div class='ocr_carea' id='block_1_5' title="bbox 140 2075 1438 2122">
    <p class='ocr_par' dir='ltr' id='par_1_8' title="bbox 140 2075 1438 2122">
     <span class='ocr_line' id='line_1_29' title="bbox 140 2075 1438 2122; baseline -0.008 -7"><span class='ocrx_word' id='word_1_278' title='bbox 140 2079 154 2114; x_wconf 86' lang='lat'>(</span> <span class='ocrx_word' id='word_1_279' title='bbox 163 2078 203 2117; x_wconf 86' lang='lat' dir='ltr'>f)</span> <span class='ocrx_word' id='word_1_280' title='bbox 230 2075 310 2118; x_wconf 73' lang='lat' dir='ltr'>Effiy</span> <span class='ocrx_word' id='word_1_281' title='bbox 329 2081 496 2122; x_wconf 78' lang='lat' dir='ltr'>concerning</span> <span class='ocrx_word' id='word_1_282' title='bbox 518 2082 563 2113; x_wconf 85' lang='lat' dir='ltr'>the</span> <span class='ocrx_word' id='word_1_283' title='bbox 579 2081 740 2122; x_wconf 75' lang='lat' dir='ltr'>generation</span> <span class='ocrx_word' id='word_1_284' title='bbox 761 2079 796 2118; x_wconf 86' lang='lat' dir='ltr'>of</span> <span class='ocrx_word' id='word_1_285' title='bbox 807 2079 871 2111; x_wconf 67' lang='lat' dir='ltr'>heac</span> <span class='ocrx_word' id='word_1_286' title='bbox 900 2081 930 2109; x_wconf 79' lang='lat' dir='ltr'>in</span> <span class='ocrx_word' id='word_1_287' title='bbox 952 2077 1071 2108; x_wconf 68' lang='lat' dir='ltr'>animalf</span> <span class='ocrx_word' id='word_1_288' title='bbox 1094 2085 1126 2114; x_wconf 83' lang='lat' dir='ltr'>p.</span> <span class='ocrx_word' id='word_1_289' title='bbox 1145 2083 1194 2109; x_wconf 80' lang='lat'>47·</span> <span class='ocrx_word' id='word_1_290' title='bbox 1217 2079 1265 2109; x_wconf 85' lang='lat'>48.</span> <span class='ocrx_word' id='word_1_291' title='bbox 1288 2080 1355 2113; x_wconf 81' lang='lat'><em>136.</em></span> <span class='ocrx_word' id='word_1_292' title='bbox 1379 2075 1438 2104; x_wconf 68' lang='grc' dir='ltr'>ἃς.</span> 
     </span>
    </p>
   </div>
   <div class='ocr_carea' id='block_1_6' title="bbox 147 2121 1021 2326">
    <p class='ocr_par' dir='ltr' id='par_1_9' title="bbox 154 2121 422 2161">
     <span class='ocr_line' id='line_1_30' title="bbox 154 2121 422 2161; baseline -0.007 -3"><span class='ocrx_word' id='word_1_293' title='bbox 154 2121 222 2158; x_wconf 72' lang='lat' dir='ltr'>(g)</span> <span class='ocrx_word' id='word_1_294' title='bbox 244 2130 274 2158; x_wconf 76' lang='lat' dir='ltr'>P·</span> <span class='ocrx_word' id='word_1_295' title='bbox 305 2133 422 2161; x_wconf 74' lang='lat'>15.19.</span> 
     </span>
    </p>

    <p class='ocr_par' dir='ltr' id='par_1_10' title="bbox 150 2160 561 2204">
     <span class='ocr_line' id='line_1_31' title="bbox 150 2160 561 2204; baseline -0.002 -7"><span class='ocrx_word' id='word_1_296' title='bbox 150 2162 220 2197; x_wconf 87' lang='lat' dir='ltr'>(h)</span> <span class='ocrx_word' id='word_1_297' title='bbox 248 2160 344 2199; x_wconf 80' lang='lat' dir='ltr'>Hujus</span> <span class='ocrx_word' id='word_1_298' title='bbox 360 2163 429 2195; x_wconf 86' lang='lat' dir='ltr'>libri</span> <span class='ocrx_word' id='word_1_299' title='bbox 446 2175 476 2204; x_wconf 86' lang='lat' dir='ltr'>p.</span> <span class='ocrx_word' id='word_1_300' title='bbox 493 2166 561 2203; x_wconf 59' lang='lat'>3035</span> 
     </span>
    </p>

    <p class='ocr_par' dir='ltr' id='par_1_11' title="bbox 147 2200 695 2243">
     <span class='ocr_line' id='line_1_32' title="bbox 147 2200 695 2243; baseline 0.005 -10"><span class='ocrx_word' id='word_1_301' title='bbox 147 2203 214 2238; x_wconf 80' lang='lat' dir='ltr'>(i)</span> <span class='ocrx_word' id='word_1_302' title='bbox 241 2200 360 2234; x_wconf 63' lang='lat' dir='ltr'><strong>IDEM</strong></span> <span class='ocrx_word' id='word_1_303' title='bbox 388 2206 434 2236; x_wconf 87' lang='lat' dir='ltr'>vir</span> <span class='ocrx_word' id='word_1_304' title='bbox 458 2206 505 2237; x_wconf 80' lang='lat' dir='ltr'>Cl.</span> <span class='ocrx_word' id='word_1_305' title='bbox 524 2216 555 2243; x_wconf 87' lang='lat' dir='ltr'>p.</span> <span class='ocrx_word' id='word_1_306' title='bbox 579 2217 623 2241; x_wconf 87' lang='lat'>19.</span> <span class='ocrx_word' id='word_1_307' title='bbox 650 2210 695 2239; x_wconf 81' lang='lat'>38.</span> 
     </span>
    </p>

    <p class='ocr_par' dir='ltr' id='par_1_12' title="bbox 147 2242 1021 2326">
     <span class='ocr_line' id='line_1_33' title="bbox 147 2242 958 2284; baseline -0.001 -7"><span class='ocrx_word' id='word_1_308' title='bbox 147 2243 220 2280; x_wconf 57' lang='grc' dir='ltr'>(ἢ)</span> <span class='ocrx_word' id='word_1_309' title='bbox 248 2242 516 2277; x_wconf 70' lang='lat' dir='ltr'>SHEan-:ARB</span> <span class='ocrx_word' id='word_1_310' title='bbox 536 2248 555 2278; x_wconf 85' lang='lat' dir='ltr'>l.</span> <span class='ocrx_word' id='word_1_311' title='bbox 579 2258 604 2277; x_wconf 90' lang='lat' dir='ltr'>c.</span> <span class='ocrx_word' id='word_1_312' title='bbox 628 2256 657 2284; x_wconf 82' lang='lat' dir='ltr'>p.</span> <span class='ocrx_word' id='word_1_313' title='bbox 684 2256 728 2284; x_wconf 85' lang='grc' dir='ltr'>ςο.</span> <span class='ocrx_word' id='word_1_314' title='bbox 757 2257 800 2284; x_wconf 79' lang='grc' dir='ltr'>ςι.</span> <span class='ocrx_word' id='word_1_315' title='bbox 826 2256 872 2280; x_wconf 87' lang='lat'>91.</span> <span class='ocrx_word' id='word_1_316' title='bbox 900 2245 958 2276; x_wconf 68' lang='grc' dir='ltr'>ἅτε.</span> 
     </span>
     <span class='ocr_line' id='line_1_34' title="bbox 152 2282 1021 2326; baseline -0.003 -7"><span class='ocrx_word' id='word_1_317' title='bbox 152 2284 190 2318; x_wconf 82' lang='lat' dir='ltr'>(l</span> <span class='ocrx_word' id='word_1_318' title='bbox 199 2286 213 2319; x_wconf 89' lang='lat'>)</span> <span class='ocrx_word' id='word_1_319' title='bbox 235 2282 263 2313; x_wconf 88' lang='lat' dir='ltr'><strong>D</strong></span> <span class='ocrx_word' id='word_1_320' title='bbox 279 2293 296 2313; x_wconf 81' lang='lat' dir='ltr'>E</span> <span class='ocrx_word' id='word_1_321' title='bbox 310 2298 321 2317; x_wconf 91' lang='lat' dir='ltr'>s</span> <span class='ocrx_word' id='word_1_322' title='bbox 335 2298 355 2317; x_wconf 76' lang='grc' dir='ltr'>Η</span> <span class='ocrx_word' id='word_1_323' title='bbox 368 2298 435 2318; x_wconf 78' lang='lat' dir='ltr'>Ars</span> <span class='ocrx_word' id='word_1_324' title='bbox 455 2290 489 2318; x_wconf 81' lang='lat' dir='ltr'>de</span> <span class='ocrx_word' id='word_1_325' title='bbox 507 2289 644 2326; x_wconf 51' lang='lat' dir='ltr'>hemipieg.</span> <span class='ocrx_word' id='word_1_326' title='bbox 668 2296 716 2324; x_wconf 80' lang='lat' dir='ltr'>per</span> <span class='ocrx_word' id='word_1_327' title='bbox 745 2286 882 2318; x_wconf 61' lang='lat' dir='ltr'>elearicit.</span> <span class='ocrx_word' id='word_1_328' title='bbox 911 2292 1021 2318; x_wconf 83' lang='lat' dir='ltr'>curata.</span> 
     </span>
    </p>
   </div>
   <div class='ocr_carea' id='block_1_7' title="bbox 150 2323 1154 2368">
    <p class='ocr_par' dir='ltr' id='par_1_13' title="bbox 150 2323 1154 2368">
     <span class='ocr_line' id='line_1_35' title="bbox 150 2323 1154 2368; baseline -0.001 -7"><span class='ocrx_word' id='word_1_329' title='bbox 150 2326 234 2361; x_wconf 70' lang='lat' dir='ltr'>(m)</span> <span class='ocrx_word' id='word_1_330' title='bbox 252 2323 346 2359; x_wconf 78' lang='lat' dir='ltr'>Nova</span> <span class='ocrx_word' id='word_1_331' title='bbox 367 2329 394 2360; x_wconf 90' lang='lat' dir='ltr'>se</span> <span class='ocrx_word' id='word_1_332' title='bbox 420 2329 591 2368; x_wconf 81' lang='lat' dir='ltr'>neminique</span> <span class='ocrx_word' id='word_1_333' title='bbox 615 2329 696 2360; x_wconf 64' lang='lat' dir='ltr'>dicta</span> <span class='ocrx_word' id='word_1_334' title='bbox 720 2328 859 2368; x_wconf 85' lang='lat' dir='ltr'>proferre</span> <span class='ocrx_word' id='word_1_335' title='bbox 886 2326 949 2359; x_wconf 76' lang='lat' dir='ltr'>Vir</span> <span class='ocrx_word' id='word_1_336' title='bbox 967 2327 1015 2361; x_wconf 92' lang='lat' dir='ltr'>Cl.</span> <span class='ocrx_word' id='word_1_337' title='bbox 1038 2334 1069 2365; x_wconf 81' lang='grc' dir='ltr'>Ρ.</span> <span class='ocrx_word' id='word_1_338' title='bbox 1089 2338 1154 2366; x_wconf 74' lang='grc' dir='ltr'>ιςῡ,</span> 
     </span>
    </p>
   </div>
   <div class='ocr_carea' id='block_1_8' title="bbox 149 2403 1344 2467">
    <p class='ocr_par' dir='ltr' id='par_1_14' title="bbox 149 2403 1344 2467">
     <span class='ocr_line' id='line_1_36' title="bbox 149 2403 1344 2467; baseline 0.003 -18"><span class='ocrx_word' id='word_1_339' title='bbox 149 2406 325 2451; x_wconf 64' lang='lat' dir='ltr'>Haller</span> <span class='ocrx_word' id='word_1_340' title='bbox 363 2405 573 2467; x_wconf 81' lang='lat' dir='ltr'>Phyfiolog.</span> <span class='ocrx_word' id='word_1_341' title='bbox 602 2412 712 2451; x_wconf 90' lang='lat' dir='ltr'>Tom.</span> <span class='ocrx_word' id='word_1_342' title='bbox 736 2409 783 2449; x_wconf 88' lang='lat' dir='ltr'>II.</span> <span class='ocrx_word' id='word_1_343' title='bbox 1261 2403 1344 2454; x_wconf 80' lang='lat' dir='ltr'>Qq</span> 
     </span>
    </p>
   </div>
  </div>
 </body>
</html>
