1968 2706
186 158 273 199 480
576 141 721 188 LIB.
774 141 908 187 VII.
955 134 1285 200 SECT21H.
1336 146 1577 188 CAUSAE

199 256 324 285 veram
344 239 626 282 ‘elementorum
643 242 841 289 viscerum,
863 255 942 294 quae
957 243 1168 293 supersunt,
1198 244 1410 292 gravitatem
1444 241 1574 292 detegi.
1601 243 1696 283 Nam
1709 248 1748 284 in
1761 245 1827 284 vis-

202 305 343 345 ceribus
368 303 519 355 quidem
544 303 625 352 post
641 302 926 342 exsiccationem
947 303 1059 356 adeps
1074 333 1083 347 ‚
1110 303 1202 341 adeo
1231 302 1419 340 evidenter
1442 303 1597 352 superest
1615 332 1624 347 ‚
1652 305 1769 355 adque
1788 308 1828 344 fle

201 366 280 403 bras
312 365 525 413 vasculaque
552 362 735 407 adhaeret,
769 372 810 401 ut
840 365 911 402 vim
942 365 1015 401 veri
1038 364 1195 402 omnino
1225 363 1300 411 ipse
1325 363 1379 400 vir
1413 362 1468 401 Cl.
1505 363 1651 402 senserit
1723 364 1824 404 Fatce

201 432 259 463 tur
288 426 386 463 enim
403 452 413 467 ‚
442 425 564 460 minus
598 429 766 462 accurate
789 435 853 473 per
876 422 1159 461 exsiccationem
1186 422 1334 472 pondus
1362 421 1572 472 specificum
1591 422 1733 462 definiri
1751 452 1759 466 ,
1788 425 1823 461 ἃς

204 497 244 523 ea
284 484 358 535 ipsa
391 484 631 534 propriorum
672 485 1013 532 experimentorum
1059 483 1276 520 refutatione
1315 494 1386 530 pro
1416 495 1453 520 re
1484 482 1540 520 sua
1572 484 1687 520 utitur
1721 484 1821 532 (r).

206 544 303 584 Cum
337 543 436 581 enim
457 543 539 592 post
567 540 847 581 exsiccationem
879 543 962 592 plus
980 543 1143 580 materiei
1168 542 1212 579 de
1247 541 1429 590 glandulis
1456 541 1682 586 salivalibus,
1715 555 1822 593 quam

208 605 254 642 de
285 604 414 652 hepate
440 601 619 652 superfit,
650 614 726 652 quo
753 603 831 652 ipso
865 602 1032 651 analogia
1063 601 1101 639 in
1137 600 1268 640 ordine
1299 601 1506 650 ponderum
1540 602 1717 640 viscerum
1755 603 1823 641 hu-

208 673 428 711 morumque
448 661 651 701 infirmatur
668 691 678 706 ‚
711 661 907 712 respondet
941 662 996 700 10
1012 673 1074 700 EM
1094 691 1103 706 ‚
1128 660 1243 699 oleoli
1272 661 1308 698 δε
1333 660 1447 699 sebofi
1480 660 1617 711 aliquid
1652 663 1693 699 iis
1719 661 1824 711 glan-

209 721 305 761 dulis
333 722 514 761 adhaerere
536 721 649 771 (s),
677 722 780 772 quod
818 722 964 772 pondus
999 728 1161 771 augeat:
1189 722 1225 759 &
1256 732 1297 759 ea
1326 720 1565 759 adnotatione
1586 721 1677 759 adeo
1708 722 1821 761 libere

207 784 323 820 utitur
339 811 348 826 ‚
379 775 420 820 u't
439 783 546 820 etiam
567 780 766 820 medullam
785 782 1001 829 encephali,
1031 790 1181 832 propter
1206 780 1322 830 adipis
1355 778 1502 831 copiam
1517 810 1527 824 ‚
1541 781 1621 830 plus
1649 781 1821 830 ponderis

207 843 366 881 retinere
391 843 483 890 ajat,
512 853 622 891 quam
650 850 873 891 oportuerat.
920 842 965 880 Id
989 854 1077 880 vero
1106 841 1210 880 facile
1241 838 1393 891 quisque
1427 839 1622 890 perspicit,
1649 842 1686 878 in
1710 839 1821 879 Ham-

205 903 417 951 bergeriana
448 900 689 939 exsiccatione
722 914 906 952 quamque
921 903 1088 952 corporis
1107 909 1249 951 partem
1272 912 1318 938 eo
1340 899 1422 950 plus
1450 900 1496 939 de
1519 902 1631 953 priori
1657 901 1821 950 pondere

211 961 504 1001 conservaturam
531 989 542 1005 ,
572 972 649 1011 quo
671 961 754 1013 plus
782 962 893 1000 habet
917 962 1033 1013 adipis
1057 991 1067 1005 ‚
1101 962 1165 1012 qui
1189 973 1255 1012 per
1285 958 1567 998 exficcationem
1595 972 1671 999 non
1703 960 1820 1011 dispe·

209 1029 310 1065 reat,
336 1031 491 1071 eamque
520 1020 790 1073 pinguitudinis
819 1024 1035 1074 portionem
1056 1024 1180 1072 potius
1203 1033 1270 1074 per
1297 1032 1399 1071 aquae
1423 1020 1694 1059 exhalationem
1722 1023 1815 1060 inve-

208 1081 280 1119 niri
300 1109 311 1124 ‚
332 1093 443 1131 quam
463 1083 614 1131 quidem
633 1089 760 1120 vetum
788 1083 1016 1121 vasculorum
1038 1082 1152 1120 viscus
1171 1082 1481 1131 componentium
1498 1080 1705 1132 specificum
1725 1093 1819 1130 pon-

208 1141 277 1179 dus
294 1169 304 1185 ‚
330 1141 366 1178 &
395 1141 551 1179 omnino
579 1141 666 1179 ideo
695 1153 799 1180 renes
815 1171 825 1186 ,
850 1143 887 1180 &
916 1142 1075 1181 salivales
1105 1141 1295 1190 glandulas
1318 1140 1399 1190 plus
1424 1139 1538 1178 videri
1562 1139 1607 1177 de
1625 1140 1689 1178 suo
1720 1153 1816 1190 pon-

210 1200 296 1239 dere
321 1199 506 1240 retinuisse
526 1230 536 1244 ,
555 1213 666 1252 quarn
685 1200 752 1239 alia
772 1202 904 1241 viscera
918 1231 928 1246 ,
961 1203 1044 1252 quia
1069 1201 1151 1251 plus
1178 1200 1314 1238 habent
1341 1199 1468 1249 adipis.

151 1258 155 1261 ’
295 1259 436 1299 Verum
449 1289 460 1305 ,
479 1260 629 1311 quando
651 1261 763 1310 paulo
779 1263 932 1310 propius
949 1261 1111 1310 pondera
1128 1259 1294 1311 specifica
1308 1258 1520 1304 humorum,
1541 1271 1627 1298 cum
1643 1257 1817 1308 specificis

207 1332 434 1369 organorum
466 1321 732 1358 secernentium
759 1320 986 1369 ponderibus
1023 1332 1278 1370 comparamus
1303 1347 1313 1363 ‚
1348 1325 1438 1357 tunc
1465 1319 1614 1369 quidem
1635 1319 1748 1368 magis
1763 1326 1817 1356 at·

205 1391 277 1429 que
294 1381 410 1429 magis
427 1380 626 1430 dispalescit
639 1406 650 1426 ,
665 1380 803 1418 nullam
819 1387 1034 1430 perpetuam
1047 1382 1236 1431 utriusque
1250 1378 1425 1432 ponderis
1436 1380 1721 1429 proportionem
1736 1377 1814 1417 effe.

204 1437 419 1488 Recipimus
444 1453 485 1478 ea
504 1440 707 1478 humorum
732 1442 899 1491 pondera
918 1469 928 1485 ,
958 1453 1037 1491 quae
1061 1441 1116 1479 lll.
1139 1439 1206 1478 Vir
1228 1440 1304 1489 ipse
1328 1437 1528 1491 proponit,
1550 1446 1592 1476 ut
1618 1438 1698 1476 bilis
1720 1449 1815 1486 pon-

200 1498 417 1538 derossffima
431 1528 441 1544 ,
463 1507 552 1538 tunc
570 1497 671 1538 urina
683 1529 692 1544 ,
705 1501 791 1538 inde
804 1513 895 1551 aqua
912 1527 924 1547 ‚
949 1501 1100 1539 demum
1116 1500 1219 1539 saliva
1234 1499 1297 1537 fibi
1316 1498 1511 1537 succedant
1525 1528 1534 1542 ,
1550 1497 1612 1536 etfi
1631 1497 1815 1547 pollemus

199 1559 244 1596 de
259 1558 360 1598 saliva
375 1558 461 1598 clari
474 1561 542 1599 viri
561 1561 817 1610 experimento
833 1561 898 1599 alia
915 1573 1120 1611 opponere,
1138 1572 1217 1612 quae
1240 1559 1383 1598 salivam
1397 1558 1491 1596 lotio
1510 1556 1816 1607 ponderosiorem

192 1620 332 1658 faciunt
352 1615 373 1671 (
388 1627 405 1659 t
419 1621 449 1669 ).
489 1620 592 1659 Adde
616 1632 717 1659 nunc
730 1621 816 1659 huic
841 1621 942 1659 seriei
968 1623 1006 1660 in
1021 1621 1190 1670 supremo
1210 1620 1297 1657 loco
1311 1618 1431 1656 semen
1450 1647 1459 1662 ‚
1476 1618 1578 1668 quod
1595 1618 1638 1655 ab
1654 1616 1712 1654 Ill.
1735 1619 1813 1655 viro

195 1680 259 1728 (u)
275 1681 443 1719 omnium
465 1680 666 1719 humorum
676 1681 925 1720 humanorum
939 1680 1279 1733 ponderosissimum
1297 1678 1459 1721 habetur,
1473 1679 1509 1716 &
1523 1680 1649 1728 utique
1664 1678 1701 1714 in
1713 1678 1815 1715 urina

193 1740 356 1777 fundum
378 1743 472 1790 petit
502 1754 510 1779 :
539 1740 630 1780 adde
647 1742 724 1779 imo
748 1741 851 1780 seriei
876 1741 940 1779 fini
967 1741 1112 1790 adipem
1134 1771 1142 1785 ,
1172 1741 1298 1790 utique
1316 1750 1409 1789 aqua
1427 1738 1463 1775 &
1484 1737 1587 1776 saliva
1611 1738 1809 1779 leviorem,

197 1800 426 1846 demumque
449 1800 599 1835 succum
628 1813 805 1836 nerveum
822 1830 832 1841 ,
862 1814 908 1838 ex
928 1800 986 1839 Ill.
1016 1800 1090 1838 HA
1106 1813 1134 1837 m
1149 1813 1168 1836 B
1186 1813 1206 1836 E
1222 1811 1280 1835 RG
1296 1810 1376 1835 mu
1407 1799 1562 1844 proprio
1599 1796 1809 1832 testimonio

197 1855 414 1896 leviffimum
434 1885 444 1900 ,
477 1856 539 1893 fiet
568 1855 751 1904 ejusmodi
782 1856 982 1895 humorum
1016 1857 1145 1899 series,
1172 1868 1251 1906 quae
1277 1866 1296 1893 a
1328 1853 1532 1904 graviffimo
1565 1855 1724 1903 incipit,
1761 1854 1810 1891 se-

196 1931 281 1957 men
299 1941 311 1961 ,
344 1914 424 1953 bilis
442 1945 452 1960 ,
476 1917 599 1959 urina,
621 1927 713 1965 aqua
728 1944 738 1959 ‚
760 1915 866 1955 saliva
883 1946 892 1961 ‚
919 1916 1030 1966 adeps
1047 1942 1059 1960 ,
1085 1916 1238 1966 spiritus.

286 1975 428 2024 Repete
457 1987 559 2013 nunc
583 1975 718 2013 horum
742 1975 943 2016 humorum
969 1974 1050 2015 cola
1066 2005 1076 2020 ,
1101 1988 1147 2014 ex
1164 1974 1245 2025 ipfis
1267 1973 1342 2012 Cel.
1364 1971 1401 2010 H
1416 1985 1511 2011 ΑΜΒ
1527 1986 1546 2011 ε
1561 1985 1580 2010 R
1598 1985 1655 2010 GE
1672 1985 1718 2010 ai
1745 1984 1806 2009 exp

193 2037 406 2086 perimentis
424 2065 433 2080 ,
454 2043 559 2074 erunt
585 2047 627 2074 ea
653 2038 691 2073 in
708 2035 785 2074 hoc
807 2037 946 2076 ordine.
992 2035 1201 2075 Graviffima
1220 2034 1269 2073 est
1290 2033 1463 2084 glandula
1479 2031 1676 2072 maxillaris
1694 2061 1703 2074 ‚
1728 2044 1806 2081 quae

1667 2091 1811 2129 salivam

273 2212 315 2246 (r
334 2211 348 2245 )
380 2209 532 2250 Ph9stolog.
560 2221 588 2250 p,
613 2217 681 2249 185,
702 2216 771 2243 186.

276 2253 341 2287 (s)
366 2251 440 2282 Diss.
463 2252 514 2283 cir.
537 2264 565 2292 p.
592 2262 639 2287 24.
662 2264 691 2284 n.
714 2262 759 2292 37.

277 2295 342 2330 (t)
366 2292 566 2327 Lamum
595 2295 614 2325 1.
637 2305 661 2325 c.

205 2373 208 2377 .
275 2336 345 2372 (u)
368 2335 471 2374 Duplo
494 2335 642 2377 sanguine
669 2335 867 2374 ponderosius
883 2334 942 2368 Bu
956 2345 971 2367 F
985 2345 1001 2367 F
1014 2345 1033 2366 ο
1047 2346 1068 2366 N·
1088 2337 1150 2376 hisi.
1175 2342 1272 2368 natur.
1285 2334 1327 2369 T.
1342 2333 1386 2368 ΙΙ.
1408 2344 1437 2375 p·
1451 2345 1501 2369 τι.
1544 2334 1654 2366 Semen
1681 2333 1711 2365 in
1725 2341 1801 2372 aq'ffl

191 2376 338 2407 submit—rc
361 2377 450 2407 debet
478 2379 495 2407 S
510 2389 529 2409 Y
546 2391 562 2408 L
576 2389 596 2407 v
613 2389 623 2407 1
641 2388 664 2408 U
681 2388 692 2407 s
724 2380 758 2408 de
782 2389 874 2417 gener.
893 2379 971 2409 hro-u.
1008 2377 1044 2409 In
1063 2379 1156 2411 ariete
1171 2379 1249 2411 adeo
1272 2379 1398 2410 densum
1423 2376 1465 2409 est
1478 2397 1488 2412 a
1506 2379 1583 2408 Utin
1603 2386 1672 2408 aere
1694 2381 1779 2407 ‘3052’
1800 2397 1802 2405 ¹

194 2417 224 2446 δε
248 2418 312 2449 solo
335 2419 435 2450 calore
458 2420 661 2459 colliquescat
684 2420 731 2451 ln
746 2430 763 2451 F
779 2431 808 2452 ivr
828 2419 868 2452 T.
896 2419 937 2452 V.
960 2431 988 2460 p.
1011 2433 1058 2452 21.
1604 2436 1606 2438 ’
