1968 2706
489 161 727 202 MOTUS
788 156 1336 200 PROGRESSIVUS.
1626 170 1706 199 211

103 261 138 297 &
171 260 293 296 minus
318 256 499 302 resistant,
527 258 563 293 &
585 256 704 294 cordis
731 256 804 291 vim
838 255 1053 306 propiorem
1087 254 1122 291 δε
1150 254 1388 302 integriorem
1419 251 1669 305 patiantur(u
1686 256 1712 300 ).

102 318 244 355 Verum
269 319 305 353 in
335 317 474 353 lumine
503 315 668 352 vasorum
711 315 896 351 minorum
931 325 1052 362 neque
1091 313 1220 350 oculus
1256 314 1499 350 mutationem
1528 309 1715 362 percipit,

104 389 225 426 neque
250 373 532 423 microscopium
553 401 566 418 ,
588 385 708 423 neque
733 379 789 409 tot
818 374 854 409 in
890 374 1148 420 experimentis
1165 401 1174 415 ‚
1203 372 1350 419 quando
1392 370 1595 410 calidorum
1641 373 1715 409 ani-

105 436 257 473 malium
295 433 509 482 sanguinem
546 435 837 471 circumeuntem
872 432 1146 480 speculabantur
1191 431 1275 468 clari
1308 430 1374 468 viri
1398 430 1512 482 (oc),
1553 442 1713 481 unquam

107 494 326 532 dilatationis
352 493 624 536 meminerunt,
663 499 723 528 aut
750 492 886 542 arctatae
920 490 1068 528 viciffim
1101 491 1267 528 diametri
1296 503 1302 527 :
1338 498 1398 528 aut
1422 490 1593 528 fibrarum
1624 490 1715 527 mus-

107 555 336 596 culolarum‚
363 563 450 600 quas
486 563 609 600 parvas
639 549 706 588 esse
739 557 912 598 oportet,
940 550 963 586 fi
981 550 1136 598 globulo
1157 550 1270 587 rubro
1295 551 1453 586 minores
1481 550 1586 594 sunt,
1604 562 1713 599 quem

107 612 327 662 globulum,
364 611 489 648 iisdem
524 613 561 647 in
583 610 754 660 periculis
776 638 785 652 ,
817 610 902 647 clari
933 611 996 646 viri
1031 608 1257 657 potiffimum
1285 609 1647 656 contemplabantur,
1679 610 1714 645 ἃ

105 671 275 709 facillime
299 670 585 718 conspiciebant.
650 666 724 706 Sed
752 670 860 707 etiam
889 669 925 705 in
953 668 1058 717 pullo
1078 693 1088 711 ,
1114 670 1177 718 qui
1210 670 1249 705 in
1276 680 1348 705 ovo
1379 668 1426 704 est
1444 693 1456 711 ,
1489 675 1588 705 aorta
1610 667 1682 716 ipsa
1702 695 1714 712 ,

107 731 144 767 δι
170 729 316 778 reliquae
332 755 344 772 ,
374 738 502 779 praeter
531 728 754 766 umbilicales
773 754 784 773 ,
802 729 935 765 arteriae
955 727 1085 776 absque
1114 727 1217 776 pulsu
1244 727 1347 770 sunt,
1365 738 1475 775 quern
1502 728 1602 764 oculi
1621 736 1717 764 certe

108 790 216 826 etiam
253 788 378 825 armati
411 789 619 836 percipiunt
655 787 706 837 (y
723 783 753 837 ).
818 786 1005 830 Demum,
1036 798 1120 824 cum
1150 787 1333 824 observata
1359 798 1422 838 per
1441 786 1629 824 numerosa
1655 798 1718 825 ex-

107 849 339 897 perimenta,
367 848 574 883 arteriarum
601 846 788 884 firmitudo
820 845 860 883 fit
889 846 1067 894 ejusmodi
1097 843 1196 895 (z),
1232 853 1271 884 ut
1296 847 1331 882 in
1356 845 1561 884 uuiversum
1594 846 1716 883 eundo

107 907 258 948 crescat,
281 906 317 942 &
338 907 478 942 arteriae
509 913 653 943 artuum
680 905 868 942 manifesto
886 934 895 948 ‚
926 917 1035 954 quam
1069 907 1187 943 trunci
1223 905 1327 943 cordi
1362 907 1552 957 propiores
1571 933 1582 949 ‚
1610 906 1719 943 robu-

105 966 230 1002 stiores
259 963 347 1007 fiat,
374 976 450 1001 non
481 965 530 1001 est
552 965 820 1014 improbabile,
848 966 998 1001 minima
1026 965 1060 1001 8<
1078 966 1303 1014 capillarium
1322 965 1367 1002 de
1395 967 1603 1002 arteriarum
1623 963 1719 1002 tribu

105 1023 246 1064 vascula
274 1023 398 1060 eadem
426 1024 463 1060 in
490 1023 614 1061 calidis
642 1024 758 1060 bestiis
784 1023 852 1060 effe
873 1023 1039 1060 firmitate
1059 1050 1070 1068 ‚
1092 1037 1170 1073 quae
1195 1025 1243 1062 est
1265 1025 1302 1060 in
1316 1023 1462 1062 vasculis
1481 1051 1493 1069 ,
1516 1026 1624 1062 etiam
1644 1036 1717 1061 ma-

107 1083 273 1131 joribus,
300 1082 518 1130 frigidorum
550 1082 770 1120 animalium.
806 1082 843 1120 Si
874 1082 1020 1119 firmitas
1047 1084 1173 1120 eadem
1203 1084 1278 1128 est,
1305 1083 1470 1133 sequetur
1497 1091 1537 1121 ut
1567 1096 1585 1121 a
1610 1084 1716 1120 dimi-

104 1149 196 1179 nuto
217 1153 282 1192 per
302 1148 359 1179 tot
379 1141 496 1179 causas
521 1141 640 1179 cordis
676 1144 815 1189 impetu
846 1153 1078 1191 nequaquam
1110 1142 1323 1180 eleventur:
1357 1150 1464 1191 atque
1494 1143 1587 1181 adeo
1617 1142 1717 1179 vicis-

103 1200 167 1237 fim
191 1211 267 1237 non
294 1201 571 1237 contrahantur.
605 1201 866 1251 Deniquejam
892 1200 982 1239 olim
999 1203 1173 1246 monuit,
1210 1196 1437 1253 Ἑναησῇἷιις
1473 1201 1498 1239 Β
1514 1211 1676 1240 0188111
1696 1214 1718 1239 R

109 1259 215 1308 (a),
240 1258 484 1296 differentiam
516 1259 722 1299 velocitatis
747 1260 856 1297 undae
882 1257 1015 1312 prioris
1044 1260 1224 1308 sanguinis
1264 1261 1441 1311 undaeque
1467 1261 1679 1310 posterioris
1706 1289 1716 1304 ,

109 1325 288 1368 perpetuo
327 1320 467 1362 minui,
497 1330 572 1368 quo
608 1320 757 1368 longius
789 1332 807 1357 a
841 1320 953 1357 corde
989 1320 1198 1366 receditur,
1239 1327 1345 1368 atque
1391 1320 1482 1358 adeo
1516 1321 1721 1371 principem

109 1377 248 1416 causam
294 1377 460 1414 diristoles
505 1379 681 1418 arteriosae
724 1380 761 1415 in
797 1380 931 1416 arteriis
962 1380 1120 1416 minimis
1162 1378 1412 1417 debilissimam
1449 1379 1649 1427 superesse,
1681 1386 1720 1416 ut

108 1439 215 1473 etiam
239 1435 288 1473 ob
316 1436 411 1473 hanc
437 1437 621 1476 rationem
653 1437 815 1475 dilatatio
840 1438 995 1476 durioris
1022 1438 1057 1475 &
1080 1441 1194 1487 magis
1228 1438 1368 1476 refisteu.
1389 1440 1416 1475 is
1449 1439 1599 1475 minoris
1630 1445 1720 1475 arte-

109 1498 168 1532 riae
194 1497 313 1532 minus
344 1494 541 1544 exspeerari
563 1497 702 1535 debeat.
738 1496 780 1534 Id
810 1497 991 1541 dederim,
1023 1499 1059 1534 in
1094 1497 1179 1535 vafis
1200 1527 1210 1541 ,
1237 1509 1316 1547 quae
1354 1497 1439 1533 sano
1472 1497 1615 1534 homini
1644 1508 1721 1534 non

114 1555 273 1598 micant,
303 1565 368 1602 per
399 1554 551 1590 morbos
576 1556 722 1604 pulsum
750 1554 845 1592 nasci
871 1552 954 1603 (b)
973 1582 984 1600 ,
1009 1554 1033 1591 fi
1058 1567 1191 1604 nempe
1224 1569 1290 1609 per
1322 1555 1647 1593 Inflnumationem
1669 1557 1719 1592 ci-

107 1615 214 1649 tatior
241 1612 361 1649 cordis
392 1614 550 1660 impetus
590 1616 626 1651 in
654 1627 694 1651 ea
723 1613 799 1651 vasa
834 1614 1044 1662 sanguinem
1079 1617 1206 1662 egerit.
1275 1615 1378 1653 Idem
1405 1616 1502 1652 enim
1525 1622 1614 1652 tunc
1651 1615 1720 1658 fit,

110 1671 212 1720 quod
237 1670 337 1707 fieret
353 1699 362 1714 ,
387 1670 411 1706 fi
435 1670 538 1708 cordi
567 1674 740 1721 propiora
769 1672 979 1711 reddidisses
1012 1673 1028 1720 (
1051 1685 1072 1710 c
1088 1674 1120 1721 ).

196 1729 232 1766 Si
259 1729 362 1778 pulsu
394 1728 599 1769 destituitur
642 1739 763 1769 totum
804 1735 1012 1771 arteriarum
1042 1733 1116 1771 fere
1148 1733 1294 1782 systema
1325 1760 1336 1778 ,
1375 1733 1476 1782 quod
1518 1734 1636 1770 minus
1672 1733 1723 1770 ε’1

111 1788 206 1825 sexta
235 1797 333 1836 parte
360 1788 483 1830 lineae,
519 1802 648 1839 magna
680 1798 778 1828 certe
811 1803 890 1841 pars
920 1794 996 1837 eJ‘us
1024 1805 1126 1829 ncvae
1163 1793 1352 1830 celeritatis
1393 1793 1414 1827 d
1441 1793 1533 1829 letur
1552 1819 1562 1836 ‚
1591 1803 1670 1840 quae
1704 1804 1722 1828 a

112 1846 357 1884 contractione
384 1848 551 1887 arteriosa
580 1850 749 1899 speratur.
813 1848 978 1890 Maxima
1014 1853 1112 1888 enim
1135 1863 1214 1902 pars
1241 1850 1411 1889 vasculosi
1442 1851 1632 1900 systematis
1649 1876 1659 1894 ‚
1679 1851 1722 1887 ad

1063 1909 1098 1947 D
1123 1910 1145 1947 d
1201 1921 1222 1947 2
1629 1909 1722 1947 hanc

196 2076 267 2112 (u)
295 2075 341 2113 JA
354 2087 370 2106 c
382 2087 403 2108 x
418 2089 429 2108 s
442 2086 461 2107 o
474 2086 496 2106 N
515 2077 548 2108 de
575 2091 651 2110 venae
666 2079 787 2118 sbc‘h'one
807 2091 837 2120 p.
865 2093 888 2119 5.
917 2084 974 2112 ἃς.
1008 2080 1025 2110 S
1037 2092 1053 2110 c
1065 2091 1085 2110 rr
1100 2090 1121 2110 Ρ,
1136 2090 1150 2111 c,
1164 2092 1175 2110 1
1189 2091 1204 2111 E
1222 2091 1238 2110 Ε
1252 2091 1273 2111 R
1301 2080 1449 2119 Almagcss.
1474 2091 1501 2118 p.
1527 2092 1595 2118 223.

193 2120 207 2153 (
220 2121 262 2147 xl
288 2118 304 2147 S
319 2128 338 2147 A
350 2128 373 2147 U
386 2129 407 2148 v
421 2129 443 2148 A
459 2128 477 2148 G
491 2129 506 2148 Β
519 2129 529 2147 S
563 2123 596 2151 de
618 2124 787 2159 inflammat.
820 2133 850 2161 p.
878 2131 937 2159 250
973 2123 1138 2152 Guidelmus
1158 2122 1183 2152 C
1196 2132 1215 2151 o
1228 2133 1263 2151 w
1275 2132 1292 2151 P
1305 2133 1320 2152 ε
1333 2133 1355 2153 R
1383 2121 1479 2152 Pluris
1516 2118 1662 2160 'liunsad'l-
1690 2131 1721 2151 n.

118 2163 185 2190 280.
211 2163 281 2194 285.
308 2159 454 2189 Antonius
472 2170 500 2190 V.
520 2158 546 2189 L
561 2172 576 2191 s
589 2173 607 2192 E
620 2174 640 2193 u
654 2173 678 2192 w
691 2174 706 2192 E
719 2173 739 2192 N
754 2174 774 2194 H
787 2174 805 2194 o
817 2175 834 2196 E
845 2174 861 2193 C
877 2175 899 2195 κ
923 2166 1056 2201 experim.
1077 2164 1115 2199 Εὖ)
1136 2165 1279 2196 comemvl„
1308 2175 1336 2203 p.
1360 2173 1427 2193 210.
1448 2175 1480 2195 ιω
1493 2175 1505 2194 x
1516 2162 1723 2202 effe-vitilium&

201 2198 268 2235 (y)
291 2202 342 2229 Du
365 2205 459 2237 poulet
485 2200 525 2231 T.
549 2202 591 2235 II.
614 2215 643 2244 p.
665 2215 731 2236 100.

207 2242 274 2274 (2)
301 2238 334 2270 L.
363 2241 404 2272 ΙΙ.
427 2253 457 2281 p.
481 2253 530 2278 73.

207 2282 251 2314 (a
265 2282 276 2315 )
296 2281 315 2308 1.
341 2291 367 2312 c.

131 2362 139 2366 -
189 2318 276 2366 .(.b)
299 2320 425 2366 Arteriae
449 2322 586 2354 minimae
607 2334 670 2356 non
693 2328 834 2366 pulsant,
863 2326 916 2358 nisi
941 2328 972 2358 iu
992 2329 1075 2360 febre
1106 2329 1134 2359 H
1149 2339 1281 2358 ARVFI
1313 2332 1410 2360 Exn-a
1435 2327 1493 2358 m.
1531 2338 1559 2367 p.
1593 2333 1659 2358 ΜΞ,
1696 2327 1722 2356 A

122 2361 248 2401 inspirio
272 2363 371 2400 pullus
395 2362 434 2391 ad
457 2372 610 2396 extremos
633 2377 748 2406 ungues
769 2369 796 2398 H
812 2379 827 2398 E
845 2378 864 2398 N
877 2379 918 2399 sn
934 2381 951 2398 A
966 2380 991 2398 w
1017 2372 1137 2400 «am-Am
1151 2382 1187 2399 1³1.
1214 2382 1242 2408 p.
1281 2379 1314 2406 17
1333 2385 1346 2400 >.

201 2403 242 2437 (ὃ
254 2405 267 2439 )
293 2403 341 2434 De
373 2405 492 2436 arteriis
513 2406 669 2438 minorum
700 2418 849 2448 generum
873 2411 1016 2441 adfirmat
1050 2410 1097 2441 CL
1126 2410 1152 2440 N
1168 2422 1179 2440 ι
1193 2422 1208 2440 c
1222 2421 1239 2440 o
1255 2421 1272 2439 L
1287 2422 1328 2441 ar
1351 2421 1413 2441 vom
1432 2407 1597 2449 pufljihlnge
1613 2420 1643 2447 [ι.
1671 2419 1723 2442 27·
