1968 2706
303 182 386 219 240
447 163 664 208 Luam
695 157 957 208 SECTII.
993 167 1351 208 sANGmNrs-
1380 168 1497 220 ΗΕΒ]
1537 171 1858 216 ΑΚΤΕΜΑ3;
1894 145 1902 149 ’

304 264 553 317 producendae
581 263 767 302 modicam
793 262 891 302 illam
908 264 1090 314 sanguinis
1116 266 1261 316 copiam
1287 293 1298 309 ,
1327 277 1415 315 quae
1427 276 1528 303 nunc
1551 269 1708 307 maxime
1731 269 1776 309 de
1799 271 1926 312 corde

305 324 468 381 prosiliit.

391 384 571 423 Hactenus
592 384 677 421 hnic
703 382 906 422 difficultati
923 390 1073 422 conatus
1090 385 1138 422 est
1155 384 1343 423 subvenire
1356 384 1410 423 Cl.
1426 378 1612 442 Josephzcs
1630 385 1656 423 B
1668 399 1689 423 R
1703 399 1724 424 u
1742 401 1766 426 u
1787 390 1805 438 (
1823 402 1846 429 u
1864 391 1908 438 ),

301 452 342 484 ut
357 446 520 483 arteriam
540 447 576 481 in
595 445 652 483 sua
670 443 796 494 systole
813 444 1041 493 explanatam
1056 472 1065 487 ,
1082 446 1119 481 in
1141 444 1287 482 diastole
1310 445 1349 481 in
1371 445 1547 482 circulum
1579 446 1676 482 abire
1702 449 1912 495 persuade&

303 514 385 543 tur:
408 506 443 541 ἃ
472 505 517 541 ita
537 513 576 541 ut
605 506 710 541 unice
731 503 851 541 radius
884 505 1040 542 anterior
1071 505 1105 541 Sc
1122 505 1300 553 posterior
1320 506 1456 542 arteriae
1475 504 1626 549 crescit,
1647 515 1706 543 aut
1729 507 1821 545 solus
1845 511 1913 549 de,

300 567 414 613 nique
451 564 571 601 radius
593 566 750 601 anterior
769 576 786 600 :v
806 565 845 600 in
871 576 916 601 eo
946 576 964 601 a
989 562 1320 603 Piummosm
1356 563 1512 601 diversus
1540 566 1631 612 (x)
1651 594 1661 608 ,
1691 568 1792 616 quod
1828 580 1913 608 non,

301 622 451 675 perinde
477 623 613 660 disertis
640 624 756 661 verbis
780 622 1008 662 transversam
1031 622 1249 663 diametrum
1277 624 1410 662 dixerit
1428 624 1555 661 minui.
1601 624 1672 662 Sed
1689 628 1830 664 arterias
1853 629 1915 666 vi-

298 687 332 721 vi
372 683 535 720 animalis
552 685 701 720 minime
734 683 941 731 explanatas
973 711 983 726 ,
1013 683 1049 720 δε
1069 686 1195 733 utique
1223 683 1436 734 cylindricas
1457 681 1544 732 (y)
1581 683 1648 721 effe
1691 686 1913 732 conicasve‚.

299 744 386 781 dum
408 744 581 791 languine
607 743 815 793 replentur,
838 752 977 780 certum
1007 742 1079 787 est,
1106 742 1175 780 five
1204 744 1242 780 in
1267 743 1395 792 systole
1419 755 1520 780 nunc
1542 743 1804 782 constituantur
1824 775 1833 789 ,
1862 745 1907 783 fi-

297 815 338 840 ve
364 804 401 839 in
432 801 589 839 diastole.
640 801 682 838 In
712 803 1020 840 demonstratione
1049 804 1159 840 etiam
1176 832 1187 846 ,
1218 815 1327 853 quam
1355 813 1435 840 non
1463 802 1603 840 dudum
1626 804 1865 853 dedimus(·.⁷‚
1882 807 1911 853 )Ἰ

294 862 385 899 nihil
420 861 497 904 est,
528 873 637 910 quare
663 861 815 899 lateralis
829 860 957 910 preffio
972 887 984 906 ‚
1000 863 1037 899 in
1056 862 1175 911 aliqua
1193 861 1326 913 punCta
1348 862 1484 900 arteriae
1500 890 1510 905 ,
1534 864 1678 910 gravior
1702 865 1913 904 incumbant

380 920 513 971 Neque
560 914 675 975 Jofiae
714 919 1086 958 WEITBRECHT
1128 920 1236 958 nimis
1269 921 1454 969 angustam
1496 922 1836 971 interpretationem
1867 937 1904 962 a·

295 980 423 1031 dopto.
491 979 583 1016 Nam
609 981 716 1017 etiam
744 976 851 1017 restae
878 982 1012 1017 arteriae
1029 1009 1039 1024 ‚
1068 981 1104 1018 &
1134 981 1310 1030 nusquam
1337 980 1440 1019 flexae
1458 1009 1467 1023 ,
1504 980 1607 1029 pulsu
1641 983 1821 1029 agitantur
1850 982 1899 1021 al-

289 1044 422 1083 terno,
456 1040 494 1076 &
522 1051 643 1087 parem
668 1039 802 1076 habent
832 1039 1015 1076 diastolen:
1080 1039 1192 1077 Addit
1219 1040 1273 1079 Cl.
1309 1040 1605 1077 SCHREIBER
1632 1069 1642 1083 ‚
1683 1042 1721 1078 in
1762 1043 1909 1081 arteriis

290 1097 493 1136 minoribus
526 1099 621 1136 hanc
648 1099 919 1136 translationem
945 1099 1058 1147 magis
1090 1099 1212 1136 locum
1240 1100 1372 1137 habere
1399 1099 1496 1148 (a).

376 1157 535 1195 Duobus
565 1158 684 1195 modis
722 1164 842 1194 autem
868 1170 936 1201 ea,
962 1169 1070 1205 quam
1097 1158 1288 1206 proposuit
1322 1157 1388 1196 Vir
1424 1158 1478 1197 Cl.
1518 1156 1667 1194 solvitur
1702 1158 1858 1207 objee‘tio
1885 1170 1909 1199 :2

285 1215 355 1254 five
383 1219 565 1254 minorem
599 1215 707 1253 facias
743 1216 1025 1259 dilatationem,
1053 1215 1123 1252 sive
1162 1219 1317 1255 omnino
1351 1229 1427 1254 non
1463 1216 1530 1254 soli
1568 1217 1676 1253 undae
1716 1218 1852 1256 tribuas
1883 1248 1908 1263 ‚‚

282 1288 362 1325 quae
397 1287 496 1313 nunc
535 1276 580 1313 de
613 1275 725 1312 corde
766 1275 914 1324 prodiit.
962 1274 1198 1314 Manifestum
1222 1303 1233 1320 ‚
1261 1277 1352 1314 mihi
1383 1277 1537 1327 quidem
1563 1304 1572 1318 ,
1621 1276 1789 1320 videtur,
1818 1290 1908 1315 eams

279 1335 425 1372 undam
464 1336 605 1383 partim,
639 1334 786 1371 dilatare
820 1334 930 1372 suamv
954 1341 1067 1373 aortae
1103 1337 1317 1384 portionem
1355 1337 1458 1374 cordi
1491 1336 1698 1384 proximam
1726 1348 1733 1372 :
1763 1338 1896 1384 partim

279 1394 466 1442 impellere
496 1394 607 1431 undas
637 1395 775 1441 priores
804 1406 811 1429 :
854 1394 897 1431 ab
928 1396 969 1432 iis
998 1395 1127 1436 undis,
1157 1394 1253 1432 suam
1296 1409 1315 1433 a
1355 1395 1535 1445 prioribus
1569 1393 1727 1442 pulsibus
1763 1395 1898 1432 veloci-

279 1460 390 1491 tatem
442 1453 680 1490 retinentibus
705 1482 713 1494 ,
765 1453 801 1489 ὃς
843 1466 861 1491 a
902 1466 1003 1490 novo
1044 1454 1201 1501 impulsu
1245 1457 1425 1499 incitam,
1461 1455 1581 1501 urgeri
1615 1451 1697 1491 alias
1742 1454 1855 1491 undas
1882 1480 1909 1499 ,-

278 1523 362 1560 quae
385 1525 403 1550 a
423 1513 606 1563 prioribus
633 1511 789 1560 pu-fibus
822 1525 840 1548 a
875 1513 988 1550 corde
1018 1514 1181 1561 projec'lae
1222 1514 1302 1552 sunt
1324 1543 1334 1558 ,
1373 1514 1412 1551 Sc
1454 1513 1537 1550 alias
1577 1520 1686 1549 aortae
1726 1513 1909 1560 regiones-

277 1571 502 1618 expandunt.
555 1570 598 1608 In
630 1580 721 1619 quot
752 1571 1050 1614 enimlubuerit‚
1086 1572 1274 1610 columnas
1304 1573 1417 1611 diviso
1442 1572 1649 1610 arteriarum
1678 1569 1862 1619 systemate
1878 1600 1904 1615 ,.

277 1630 444 1679 quaelibet
481 1630 656 1667 columna
696 1631 854 1667 anterior
891 1631 1022 1668 lentius
1062 1632 1325 1679 progrediens,
1358 1645 1377 1669 a
1408 1642 1504 1669 nova
1525 1656 1537 1673 ,
1567 1642 1646 1679 quae
1671 1629 1901 1678 insequitur,.

274 1689 471 1736 urgebitur.
510 1689 565 1726 Ab
596 1702 639 1725 eo
658 1701 741 1725 vero
771 1689 929 1737 impulsu
948 1690 1054 1727 undae
1078 1702 1225 1737 nuperae
1251 1693 1286 1728 in
1307 1692 1467 1740 priorem
1484 1719 1493 1732 ‚
1523 1689 1646 1739 pulsus
1670 1688 1894 1737 potiffimum

273 1748 435 1787 nascitur.
499 1748 628 1797 Neque
662 1746 744 1784 ideo
780 1747 901 1795 pulsus
942 1750 1060 1786 minus
1089 1750 1220 1785 eodem
1251 1749 1321 1787 ictu
1350 1751 1449 1786 oculi
1488 1760 1551 1796 per
1584 1759 1713 1785 omnes
1748 1749 1891 1785 arterias

274 1808 357 1846 fiet:
388 1807 424 1844 id
449 1813 567 1845 autem
595 1807 700 1843 unice
727 1806 812 1843 inde
841 1806 1009 1856 sequetur
1027 1836 1036 1851 ,
1066 1808 1166 1855 quod
1199 1811 1353 1846 omnino
1384 1807 1566 1857 sequitur,
1597 1807 1905 1854 pulsumeundo

273 1867 450 1904 debilitari
473 1893 484 1910 a
520 1865 588 1902 five
621 1867 738 1902 minus
775 1873 881 1915 atque
910 1868 1028 1904 minus
1057 1868 1196 1903 arterias
1233 1869 1281 1904 in·
1307 1867 1368 1906 sua
1402 1865 1551 1904 diastole
1589 1865 1728 1902 dilatari
1758 1893 1768 1909 ,
1814 1876 1901 1914 quo

274 1927 422 1975 longius
447 1924 465 1962 a
503 1925 614 1962 corde
641 1925 719 1961 sunt
748 1933 896 1962 remotae
924 1920 981 1976 (b
998 1926 1014 1971 )
1032 1952 1041 1961 .

370 1984 463 2030 (2:ae
497 1995 595 2021 nunc
625 1983 762 2034 posui,
786 1996 829 2022 ea
857 1996 902 2022 ex
933 1985 1100 2022 vivorum
1127 1985 1334 2023 animalium
1362 1983 1672 2032 contemplatione
1703 1983 1887 2022 manifesta

1732 2042 1901 2081 reddum>

365 2101 378 2135 (
394 2103 442 2136 u)
467 2101 485 2130 1.
508 2112 533 2130 ο,

359 2143 432 2176 (x)
455 2140 650 2171 obscuriores
674 2139 724 2170 Cl.
745 2139 802 2170 viri
827 2151 918 2171 voces
937 2142 1079 2177 fecerunt
1097 2162 1104 2175 ‚
1125 2147 1158 2172 ut
1187 2137 1508 2176 eamdem-utriusque
1537 2136 1672 2167 ametor-is
1700 2136 1894 2175 opinionem·

276 2181 331 2212 effe
356 2184 530 2222 putaverim
557 2183 651 2213 Mem.
672 2179 725 2219 fiir
747 2184 769 2211 le
797 2193 892 2212 mona.
914 2184 953 2212 du
971 2180 1044 2220 fimg
1070 2194 1101 2222 p.
1119 2194 1165 2219 ςς.·
1203 2182 1293 2212 Nunc
1320 2181 1352 2210 in
1383 2179 1493 2209 litteris
1529 2179 1645 2209 sestius
1680 2186 1813 2208 mentem
1838 2178 1886 2211 Cl.

276 2224 300 2253 B
315 2234 331 2253 a
345 2235 368 2255 u
384 2235 399 2253 Ν
414 2235 443 2253 ιι
471 2235 486 2254 e
501 2223 596 2253 tostus
612 2245 619 2258 ,
647 2224 751 2253 lubens
776 2233 886 2254 moneo
902 2244 910 2260 ‚
938 2223 1035 2254 minus
1056 2234 1073 2254 a.
1096 2223 1183 2254 nobis
1207 2222 1254 2253 Cl.
1279 2221 1378 2253 virum
1411 2220 1552 2252 recedere
1570 2238 1578 2253 2
1608 2229 1700 2259 quam
1727 2220 1887 2252 recedebat

277 2264 607 2297 Parminosrus.

359 2306 429 2343 (y)
455 2305 487 2336 L.
507 2305 540 2334 H
578 2316 608 2343 p.
636 2308 684 2342 56.

363 2347 430 2382 (z)
459 2358 477 2385 p
510 2356 577 2378 ιιι.

361 2390 434 2424 (a)
457 2387 597 2426 Almugest
619 2394 649 2423 p.
674 2393 755 2421 ²575,

364 2430 484 2467 (1))11.
507 2440 564 2460 ιι.,
