1968 2706
428 157 673 198 MOTUS
736 155 1288 198 PROGRESSIVUS.
1600 172 1676 208 175

80 267 125 302 4,
159 261 236 298 603
256 284 265 298 ,
293 250 472 306 ooo(:>c)
491 282 500 296 ,
521 265 722 302 eorumque
740 254 929 300 conjunc'ta
947 254 1082 290 lumina
1107 260 1216 290 aortze
1234 250 1373 290 lumine
1390 264 1461 290 una
1480 257 1581 291 tertia
1605 256 1676 294 fere

79 321 178 363 parte
206 313 330 352 latiora
347 343 355 356 ‚
377 325 460 350 cnm
477 314 512 350 id
535 313 656 349 lumen
679 312 957 362 p0111ciaequale
986 312 1051 355 fit,
1076 312 1198 349 lumen
1226 324 1311 351 vero
1327 325 1511 351 ramorum
1526 316 1678 361 conjun-

80 373 219 410 trorum
242 369 329 422 ἓξὲξ·
357 373 499 421 pollicis
539 378 655 419 aequet
684 372 731 421 (y
750 372 780 419 ).
828 372 1007 410 Caeterum
1026 383 1102 408 non
1126 374 1229 421 supra
1251 372 1442 410 divifiones
1470 385 1517 420 15
1539 375 1575 410 in
1598 386 1673 411 me-

81 428 251 469 se-nterica
276 433 400 468 arteria
424 430 467 467 ad
502 442 607 467 venas
634 429 745 480 usque
779 433 911 480 reperit
935 430 950 481 (
972 441 993 468 Z
1016 427 1044 480 ).

181 490 259 540 Ego
286 500 396 533 vero,
420 495 459 526 ut
485 489 528 526 ab
560 496 729 527 anatome
758 492 976 539 principium
998 489 1126 527 faciam
1146 519 1155 533 ‚
1182 502 1259 528 non
1284 491 1395 528 credo
1420 499 1479 529 ant
1500 494 1616 530 trunci
1632 493 1677 530 ad

85 564 204 589 ramos
240 551 417 587 rationem
438 576 447 590 ,
474 552 548 585 'aut
578 547 795 586 divisionum
821 562 1013 587 numerum
1045 547 1185 586 definiri
1215 549 1325 599 poffe.
1372 551 1435 588 Illa
1467 552 1615 600 quidem
1641 554 1678 589 in

86 611 225 658 magnis
248 609 353 645 ramis
380 613 485 656 parva
507 608 578 650 est,
615 608 651 644 δι
674 608 747 645 fere
775 609 886 659 sesqui
912 609 1020 648 altera
1046 607 1151 657 (a),
1177 616 1217 646 ut
1242 608 1377 647 summa
1410 610 1591 648 luminum
1629 623 1682 648 ra-

87 680 230 706 morum
257 679 325 717 pro
357 676 409 711 3,
438 667 562 704 lumen
597 669 717 704 trunci
745 680 813 716 pro
841 681 864 708 2
902 669 1024 706 haberi
1065 675 1182 717 queat.
1246 668 1316 705 Sed
1355 682 1394 707 ea
1431 672 1550 707 trunci
1589 672 1680 708 ratio

86 728 228 764 videtur
255 726 377 763 eundo
400 727 522 774 augeri
540 749 551 770 ‚
576 733 614 762 ut
639 728 794 764 omnino
821 729 858 765 in
887 729 1046 765 minimis
1065 756 1074 771 ‚
1104 728 1209 764 unius
1236 728 1381 775 globuli
1406 729 1551 765 vasculis
1589 732 1681 766 ratio

86 787 233 824 luminis
264 780 380 823 trunci
411 785 455 822 ad
481 796 661 822 ramorum
687 786 824 824 lumina
856 787 965 835 dupla
988 786 1028 824 fit
1054 781 1104 829 (b
1123 786 1154 834 ).
1193 785 1368 835 Adeoque
1390 790 1425 824 in
1452 790 1608 825 minImis
1634 802 1686 825 ra-

88 847 156 882 mis
183 846 360 882 contraria
392 845 483 881 ratio
508 845 649 881 obtinet
675 871 685 889 ,
712 847 811 893 ejus,
849 857 945 895 quoe·
976 848 1011 883 in
1045 846 1243 892 majoribus
1285 846 1501 884 dominatur.
1552 847 1687 885 Deficit

91 913 210 942 autem
238 904 573 954 experimentorum
602 902 711 947 fides,
728 915 797 953 qua
818 905 1031 948 definiatur,
1055 911 1150 954 quot
1173 904 1367 944 divisiones
1395 918 1564 954 magnam
1589 916 1688 945 trun-

58 970 65 974 ”
92 962 127 1000 ci
154 963 197 1000 ad
221 973 338 998 ramos
364 963 541 999 rationem
572 961 727 1000 habeant
753 991 762 1006 ,
793 971 884 1013 quot
923 977 1068 1014 parvam
1087 989 1098 1008 ,
1137 975 1256 1013 neque
1293 966 1352 1002 lex
1386 972 1473 1003 nota
1506 967 1554 1004 est
1575 991 1586 1011 ‚
1621 979 1690 1016 qua

92 1022 169 1059 haec
190 1021 280 1058 ratio
307 1022 333 1057 it
364 1021 596 1057 diminutum.

182 1080 250 1118 Sed
275 1092 394 1130 neque
419 1092 590 1118 numerus
624 1080 840 1120 divifionum
863 1089 974 1121 notus
1005 1083 1062 1120 est.
1097 1084 1136 1122 In
1157 1084 1319 1121 humano
1347 1095 1503 1133 corpore
1519 1116 1527 1129 ‚
1547 1088 1590 1124 ab
1618 1093 1696 1123 aor'-

97 1149 130 1178 ta
155 1140 252 1177 orsus
268 1168 276 1183 ,
303 1143 487 1178 numeravi
513 1140 555 1177 ad
585 1142 665 1177 retis
681 1142 794 1191 usque
810 1142 1017 1180 arteriofiin
1035 1145 1266 1181 convexitate
1291 1143 1449 1180 intestini
1479 1145 1581 1196 possti
1609 1146 1698 1182 ulti-

98 1212 172 1237 mas
201 1200 414 1250 conspicuas
440 1199 603 1248 ‚fiffiones
633 1227 644 1246 ,
674 1201 866 1240 divifiones
891 1203 1046 1239 omnino
1074 1214 1150 1246 20,
1181 1202 1311 1252 quibus
1340 1203 1479 1252 aliquot
1507 1205 1698 1243 divisiones

100 1258 262 1305 adjecisse
289 1271 433 1308 aequum
464 1259 594 1302 fuerit,
625 1272 706 1297 cum
726 1262 868 1299 ultimas
888 1262 1029 1299 arterias
1043 1264 1150 1300 unius*
1170 1262 1312 1311 globuli
1339 1262 1469 1299 oculus
1490 1265 1698 1302 nosternon

101 1318 275 1366 adtingat·
294 1318 346 1355 'Si
371 1330 469 1356 nunc
500 1320 593 1356 ratio
628 1319 855 1369 sesquialtera
894 1322 1057 1358 constans
1082 1322 1206 1364 foret,
1234 1318 1320 1359 ess'et
1346 1321 1390 1357 in·
1411 1323 1580 1370 vigefima
1613 1325 1698 1361 divi.-

99 1377 201 1414 fione
231 1378 321 1415 ratio
357 1379 473 1415 trunci
502 1379 544 1415 ad
566 1390 711 1422 ramos,
730 1382 783 1416 uti
810 1382 974 1428 potentia
1002 1380 1169 1428 vigefima
1198 1382 1339 1417 numeri
1378 1392 1397 1418 2
1427 1382 1470 1418 ad
1502 1385 1705 1432 potentiam

102 1438 245 1475 numeri
277 1446 326 1481 3,
353 1436 422 1474 five
447 1438 498 1474 uti
531 1446 741 1487 1048576.
767 1439 811 1476 ad
843 1451 859 1484 3
883 1468 892 1482 ,
929 1444 1007 1485 585
1037 1465 1048 1485 ‚
1084 1443 1192 1482 218,
1242 1450 1316 1484 301
1342 1467 1352 1481 ‚
1392 1445 1577 1489 quaesatio
1596 1443 1640 1479 ad
1663 1443 1705 1479 is-

105 1503 178 1532 tam
209 1491 325 1542 redit3
355 1509 367 1532 1
399 1496 441 1534 ad
473 1508 593 1543 3420.
638 1496 777 1534 Verum
814 1510 860 1535 ex
890 1511 935 1536 eo
969 1498 1109 1536 caieulo
1142 1497 1337 1537 retardatio
1366 1527 1375 1541 ‚
1419 1501 1573 1547 perinde
1604 1503 1706 1538 utin

106 1553 289 1592 KElLIA
306 1566 377 1592 No
402 1583 411 1597 ‚
445 1557 555 1593 nimia
583 1557 815 1604 sequeretur,
840 1558 875 1593 &
906 1560 1013 1596 etiam
1043 1559 1158 1606 major
1191 1557 1291 1594 fieret
1319 1569 1444 1602 error,
1472 1558 1494 1595 fi
1512 1561 1631 1610 plures
1650 1561 1707 1599 di-

108 1612 260 1650 visiones
295 1613 486 1650 admiseris.

196 1672 239 1709 Et
271 1673 307 1708 in
335 1673 538 1709 universum
563 1701 572 1715 ‚
607 1687 682 1724 quo
714 1673 895 1712 minorem
927 1676 1046 1712 trunci
1075 1675 1118 1712 ad
1154 1688 1274 1714 ramos
1306 1676 1462 1714 mediam
1498 1681 1708 1728 portionem

109 1731 296 1775 fumiferis,
323 1731 359 1767 ἃ.
385 1743 460 1780 quo
484 1731 604 1780 plures
636 1734 829 1773 divisiones
861 1735 987 1771 feceris
1012 1764 1021 1778 ,
1051 1745 1126 1783 quo
1156 1738 1333 1783 majtJrem
1363 1737 1520 1787 denique
1551 1738 1711 1779 suinteris

110 1792 275 1828 arteriam
307 1791 535 1839 capillarem,
569 1804 612 1830 eo
634 1795 748 1841 major
776 1801 940 1842 emerget
963 1794 1109 1830 luminis
1147 1807 1333 1832 ramorum
1361 1798 1405 1834 ad
1437 1796 1563 1835 lumen
1597 1804 1715 1839 trunci

112 1850 213 1886 ratio.
259 1848 339 1897 Ipse
367 1851 421 1886 vir
456 1850 537 1887 clar.
572 1853 704 1889 eodem
736 1851 822 1890 loco
844 1880 855 1896 ‚
878 1854 1095 1901 patentiores
1122 1855 1159 1889 in
1195 1854 1385 1891 visceribus
1411 1855 1659 1897 arteriolarum
1677 1860 1716 1896 fi-

113 1920 176 1946 nes
209 1909 338 1957 recipit
368 1905 457 1960 (c)
474 1934 486 1953 7
513 1909 548 1945 &
574 1911 839 1959 expeditiorem
860 1913 944 1949 inde
977 1924 1038 1961 per
1072 1911 1202 1951 viscera
1230 1914 1423 1951 circuitum
1449 1912 1548 1968 (d)
1582 1918 1622 1955 ln
1641 1931 1718 1958 me.

114 1967 268 2005 senterio
299 1967 449 2004 demum
483 1969 665 2008 rationem
694 1983 879 2010 ramorum
914 1983 1024 2020 5200
1060 1972 1105 2009 ad
1130 1979 1300 2011 truncum
1320 1972 1405 2012 facit
1424 1977 1558 2014 arteriae
1580 1978 1719 2016 mesen-

1605 2039 1724 2079 tericae

305 2322 521 2358 Bomsrizn
546 2327 565 2358 1.
589 2337 613 2358 c.
637 2337 666 2367 Ρ.
687 2331 768 2367 43.”

300 2374 329 2403 1³-
357 2377 404 2404 49-

714 2475 729 2485 ><
