1968 2706
224 149 277 178 20
723 127 869 173 LIB.
925 127 981 175 V.
1040 132 1374 175 SANGUIS

309 229 380 269 Sed
405 230 515 268 etiam
539 230 632 269 inter
656 229 730 268 duo
757 230 900 269 vincula
931 232 1105 269 immotus
1136 230 1277 279 sanguis
1305 231 1382 268 coit
1409 231 1522 280 [c],'
1534 255 1537 258 -
1556 227 1670 285 inque
1701 231 1819 274 umbh

224 288 388 329 licalibus
416 289 499 328 vasis
534 287 757 327 notiffimum
785 291 1078 340 experimentum
1108 290 1168 328 est.
1213 290 1376 328 Demum
1401 291 1438 327 in
1465 292 1551 329 vivis
1581 295 1814 339 animalibus,

223 350 355 400 quibus
393 354 606 397 tegumenta
655 351 821 399 corporis
864 350 1051 400 pellucent
1072 377 1082 392 ,
1131 349 1272 398 sanguis
1312 350 1498 389 manifesto
1532 350 1669 391 sublato
1710 363 1817 393 motu

222 410 260 446 &
288 410 326 446 in
367 407 605 457 globulorum
636 409 780 456 agmina
813 404 928 460 (d),
972 410 1008 446 &
1034 407 1073 445 in
1101 409 1200 446 rubri
1236 407 1309 447 olei
1336 409 1491 459 speciem
1520 410 1688 449 coalescit
1735 411 1816 464 (e)

218 468 321 519 quod
358 468 402 505 ad
441 467 612 514 unguinis
647 468 753 505 instar
794 468 955 517 stagnat;
995 467 1059 506 sub
1098 479 1167 517 qua
1199 468 1371 519 equidem
1400 468 1517 518 specie
1549 471 1623 506 veri
1647 469 1814 518 globuli,

215 527 386 565 nondum
416 532 554 564 mutata
586 525 701 574 figura
727 526 875 571 latent,·
894 539 987 577 quos
1012 525 1132 564 videas
1165 527 1209 564 ab
1232 527 1340 566 incisa
1366 539 1477 572 vena,
1504 527 1643 566 fluento
1673 529 1817 578 sangui-

214 588 270 624 nis
295 586 481 629 restituto,
513 585 646 623 renasci
679 584 695 636 (
708 580 770 639 f)
787 611 800 630 ‚
831 586 1113 636 sphaericamque
1139 585 1292 634 figuram
1322 598 1545 638 recuperare.
1583 587 1626 625 Iu
1653 589 1815 636 ejusdem

213 646 325 682 tribus
361 643 518 682 bestiolis
557 644 740 693 sanguinis
775 647 812 682 in
847 644 931 682 vasis
969 646 1091 684 liberis
1119 646 1222 698 (g),
1255 652 1316 684 aut
1353 647 1446 682 inter
1475 645 1682 685 mesentetii
1712 647 1813 686 lami-

210 717 271 742 nas
292 702 307 753 (
323 698 402 754 ll),
443 703 644 751 coagulum
675 704 792 742 oculis
823 704 1030 752 subjicitur,
1069 705 1106 741 &
1134 705 1256 753 grumi
1283 704 1431 742 demum
1460 704 1655 750 formatio,
1685 707 1748 756 qui
1772 707 1812 746 in

188 763 343 807 ,arteriae
368 773 516 801 venaeve
543 763 661 801 incisae
690 763 840 800 vulnere
869 762 996 801 refidet
1024 760 1091 807 (i)
1109 791 1118 805 ,
1151 763 1188 800 δε
1218 764 1345 801 rimam
1377 764 1549 814 obturat,
1578 771 1619 803 ut
1655 763 1812 804 haemor-

207 822 332 870 rhagia
367 821 496 869 sponte
530 821 660 861 cesset:
706 834 790 860 eum
823 831 943 861 autem
972 832 1146 872 grumum
1184 822 1329 860 adunati
1369 822 1517 872 globuli
1551 824 1806 870 constituunt,

205 893 300 931 quos
329 881 442 919 multa
476 880 625 931 lympha
654 882 692 918 in
725 882 879 920 nubium
902 882 1061 931 speciem
1094 889 1264 920 concreta
1285 883 1490 920 circumstat
1520 879 1615 932 (k).
1648 882 1681 921 Is
1708 884 1806 923 idem

201 941 241 978 in
271 941 424 978 homine
449 951 601 988 grumus
627 942 793 979 arteriam
832 941 1003 979 violatam
1041 941 1202 990 denique
1228 940 1385 985 claudit,
1418 941 1455 979 &
1482 954 1501 979 a
1533 941 1635 979 claris
1668 942 1806 981 chirur-

199 1002 255 1049 gis
281 998 296 1050 (
307 995 322 1037 l
331 994 352 1050 >
378 999 503 1048 paffim
531 1006 764 1038 memoratur.
804 1000 875 1037 Sed
911 1002 1017 1038 etiam
1050 999 1210 1037 renalem
1237 1011 1366 1038 venam
1396 1000 1512 1038 laesam
1546 1012 1697 1049 grunius
1729 1002 1805 1040 san-

197 1060 317 1108 guinis
354 1059 458 1105 niger
490 1060 525 1095 &
561 1058 693 1095 solidus
728 1058 990 1102 circumsedet,
1023 1060 1125 1106 cujus
1151 1059 1190 1096 in
1215 1058 1333 1097 media
1363 1058 1444 1097 sede
1479 1061 1613 1109 papilla
1650 1072 1801 1105 carnea,

197 1118 342 1156 coaetus
365 1128 498 1165 nempe
525 1128 632 1154 cruor
660 1116 790 1153 vulnus
813 1117 959 1154 obturat
994 1115 1118 1167 (m)
1163 1117 1293 1155 Cordis
1318 1117 1467 1157 demum
1496 1119 1625 1157 vulnus
1657 1120 1801 1169 sangui-

194 1178 249 1213 nis
274 1175 472 1225 coagulum
505 1174 677 1212 obsedisse
700 1175 810 1212 visum
837 1176 898 1218 est,
928 1182 969 1213 ut
1001 1177 1074 1214 vita
1095 1176 1140 1214 ad
1173 1176 1369 1225 septimum
1389 1176 1487 1215 diem
1513 1177 1705 1227 superesset
1728 1178 1796 1228 (n).

193 1235 235 1273 In
263 1234 335 1284 ipsa
363 1235 489 1274 arteria
516 1234 719 1283 pulmonali
736 1263 746 1277 ‚
782 1233 820 1270 in
846 1234 1027 1287 syncope,
1065 1242 1174 1284 atque
1206 1235 1324 1272 febrili
1347 1237 1484 1285 frigore
1513 1237 1724 1285 sanguinem
1758 1240 1797 1276 in

190 1294 371 1346 polyposa
418 1293 572 1342 coagula
616 1292 867 1342 flocculosque
904 1296 989 1342 cogi
1015 1324 1024 1338 ,
1080 1290 1280 1332 Gerardus
1317 1307 1348 1334 v.
1390 1286 1796 1334 SW1ETEN'austor

189 1354 238 1391 est
270 1349 369 1403 [0],
407 1354 518 1402 inque
556 1351 674 1408 febrili
706 1352 843 1401 frigore
873 1353 1028 1401 coagula
1063 1353 1158 1392 nasci
1191 1354 1446 1404 persuadetur,
1477 1367 1558 1405 quae
1589 1367 1654 1408 per
1679 1361 1794 1393 totam

593 1447 642 1488 ⁸
1355 1439 1367 1455 κ
1682 1416 1792 1454 vitam

266 1548 333 1585 (c)
360 1549 392 1580 In
409 1548 624 1588 experimento
652 1548 681 1578 D
693 1560 714 1580 R
726 1560 743 1579 ε
757 1560 796 1579 ιι
810 1560 856 1579 Nc
868 1560 888 1579 o
902 1559 926 1580 U
938 1560 960 1580 R
974 1559 997 1580 Τ
1013 1560 1045 1580 11
1076 1550 1156 1588 apud
1174 1548 1203 1579 D
1217 1560 1238 1580 R
1255 1559 1273 1579 A
1287 1558 1333 1580 PE
1347 1559 1369 1580 R
1396 1551 1430 1579 de
1444 1550 1556 1587 pleurit.
1585 1549 1671 1580 Leid.
1696 1557 1785 1581 1681.

184 1588 250 1619 Post
277 1592 410 1620 mensem
437 1593 467 1621 in
486 1591 581 1630 ligata
602 1590 712 1621 arteria
727 1590 843 1627 sanguis
860 1590 942 1622 intus
956 1591 1124 1631 polyposus
1145 1591 1296 1631 reperitur
1322 1589 1347 1621 L
1360 1600 1382 1622 A
1395 1601 1415 1621 N
1428 1601 1444 1621 c
1457 1602 1469 1622 r
1482 1603 1504 1622 s.
1533 1591 1568 1620 de
1596 1592 1678 1622 corde
1700 1592 1737 1628 ἓξ
1756 1603 1786 1623 a<

184 1629 316 1669 marafin.
333 1640 360 1668 p.
383 1641 440 1667 124
474 1633 518 1661 ed.
545 1637 632 1669 1728.
1564 1642 1569 1643 ⁷

263 1673 334 1707 (d)
360 1671 762 1702 LssnUWssNnoncx
791 1679 850 1709 eap.
870 1672 909 1708 ἐξ
927 1677 999 1701 cont.
1017 1682 1045 1710 p.
1070 1677 1136 1707 178.
1159 1675 1292 1710 179.&C·

262 1713 556 1750 (e)Exp.18.20.
582 1722 649 1751 151.
679 1722 744 1751 155.
766 1711 858 1743 Conf-
883 1712 986 1745 mie
1002 1723 1020 1744 Ρ
1040 1725 1051 1744 1
1069 1723 1125 1746 εΗ.
1154 1714 1241 1753 polih.
1265 1724 1296 1753 p.
1317 1719 1362 1746 14-

261 1752 602 1792 (f)Exp.151.155·
1393 1767 1395 1770 ’

261 1796 329 1831 (g)
352 1796 423 1831 Exp.
438 1801 486 1823 60.
504 1804 554 1832 93.
579 1794 661 1825 conf.
690 1803 757 1832 177.
780 1800 849 1830 228.

262 1835 334 1871 [h]
357 1837 429 1872 Exp.
446 1844 512 1872 233-
629 1846 638 1850 “

261 1875 328 1912 [i]
356 1878 427 1913 Exp.
449 1886 494 1911 93*
515 1883 580 1906 160.
608 1883 674 1913 167.
695 1885 763 1909 170.
785 1885 850 1913 175.
867 1885 931 1910 177.
955 1882 1106 1912 178.179.
1135 1883 1201 1912 182.
1225 1884 1294 1916 183.

259 1917 320 1953 [k]
343 1919 413 1955 Exp.
438 1922 483 1948 88.
507 1926 574 1955 153-
599 1927 667 1955 154.
692 1927 757 1954 ¹55·
781 1927 848 1955 157.
877 1925 943 1954 163.
966 1922 1030 1954 167.
1060 1929 1126 1954 170.
1151 1929 1215 1953 171·
1245 1929 1312 1957 175.
1343 1926 1409 1957 176.
1436 1921 1500 1948 180.
1529 1921 1594 1947 182.
1622 1922 1687 1952 183.
1711 1922 1776 1952 187.

180 1961 247 1991 189.
276 1968 343 1987 ιιι.

263 1998 323 2033 [l]
344 1998 428 2028 Alex.
450 1995 546 2027 Mon
562 2007 583 2026 R
595 2007 613 2025 0
629 2008 648 2027 o
672 1993 766 2036 Efflzys
786 1998 820 2036 of
832 2010 849 2028 a
872 2001 976 2036 Society
994 2005 1025 2029 at
1046 2002 1212 2040 Edimhurg.
1233 2000 1275 2031 T.
1287 1999 1330 2029 ΙΙ.
1346 2011 1375 2040 p.
1391 2007 1458 2036 273.
1479 1997 1611 2027 Andreas·
1630 1997 1648 2027 P
1662 2008 1679 2027 Α
1695 2010 1705 2028 s
1717 2008 1740 2029 ‘r
1754 2010 1772 2030 Α

173 2040 206 2068 de
223 2035 392 2077 motufimg.
417 2038 455 2074 Q?
472 2040 559 2075 polyp.
581 2048 609 2075 p.
633 2050 678 2075 75.
702 2039 721 2065 P
736 2049 751 2068 ε
766 2049 788 2069 Τ
802 2052 813 2069 ι
827 2049 850 2070 T
878 2043 970 2073 Aseni.
991 2042 1024 2070 de
1045 2043 1159 2072 l'Acad.
1188 2051 1274 2078 1732.
1303 2051 1332 2080 p.
1359 2051 1393 2079 39
1404 2051 1431 2075 4.
1456 2047 1542 2076 1735.
1564 2048 1592 2075 P·
1617 2049 1686 2074 ⁴34¹-
1703 2049 1771 2075 44²·

174 2086 207 2109 ut
229 2080 326 2109 nullus
352 2088 386 2109 ex
412 2085 570 2117 amputata
593 2077 667 2108 tibia
688 2080 807 2117 sanguis
829 2083 947 2111 flueret.
973 2079 1009 2110 M
1024 2091 1076 2113 OR
1090 2093 1170 2112 ΑΗΒ
1191 2085 1285 2115 Μεηι.
1308 2084 1341 2112 de
1361 2081 1476 2111 l’Acad.
1498 2080 1543 2108 des
1556 2077 1656 2117 fiienc.
1683 2088 1770 2117 1736·

172 2120 220 2151 Ex
239 2119 376 2150 adhibito
399 2119 518 2155 agfflico
554 2130 679 2149 comicus
710 2131 832 2158 grunius
867 2131 954 2153 natus
978 2124 1119 2154 arteriam
1155 2122 1311 2153 obturavit
1333 2120 1431 2160 philos
1460 2119 1606 2159 Τνιυῄὶεὶἷ.
1634 2131 1717 2158 1755.
1742 2131 1770 2150 n.

174 2170 220 2192 ιο.
250 2164 277 2191 ὅ(
300 2172 317 2191 a
336 2161 508 2199 lys-copario
535 2160 575 2190 La
601 2161 623 2189 F
638 2171 657 2190 o
678 2172 688 2189 ς
704 2172 715 2190 s
734 2172 749 2191 E
769 2162 799 2192 iu
830 2161 894 2203 olzſj]
903 2163 959 2203 sur
976 2166 1012 2194 les
1033 2166 1139 2195 malaci.
1160 2166 1205 2194 des
1226 2166 1350 2194 chevaux
1372 2173 1401 2202 p·
1427 2174 1477 2199 73·

256 2202 345 2239 [m]
369 2203 459 2232 λίθω.
483 2203 515 2230 cle
536 2204 609 2230 (Ην.
646 2202 686 2232 T.
709 2202 752 2232 II.
773 2214 803 2241 p.
828 2215 893 2238 1r7.

255 2243 329 2280 [η]
354 2242 506 2280 Dionysius
537 2242 553 2270 S
568 2253 586 2271 A
600 2253 618 2270 N
635 2254 651 2272 c
666 2253 683 2272 Α
700 2255 710 2272 ς
729 2254 739 2273 s
754 2254 771 2273 A
785 2256 804 2272 N
820 2256 829 2273 1
854 2244 907 2284 old?
928 2256 977 2280 4t.

252 2284 320 2320 [0]
340 2286 445 2313 Comn.
467 2285 497 2312 iit
519 2283 572 2313 Bo
588 2294 602 2312 ε
616 2293 666 2312 RH
680 2295 699 2314 A
713 2295 730 2314 A
744 2295 763 2313 x·
777 2295 793 2314 n
812 2287 904 2322 aphor.
928 2285 969 2317 T.
993 2284 1016 2316 1.
1038 2296 1065 2324 p.
1091 2290 1160 2322 684.
1184 2283 1228 2316 T.
1254 2283 1298 2315 ΙΙ.
1322 2295 1351 2324 p.
1381 2291 1446 2322 ιτς.
1469 2282 1517 2316 Ea
1534 2288 1635 2314 tamen
1652 2291 1763 2321 coagu-

167 2327 197 2355 la
219 2336 272 2364 per
295 2325 449 2356 subortam
474 2323 710 2364 palpitationem
737 2325 814 2356 solvi
832 2327 939 2357 credit.
