1968 2706
388 150 893 193 DIVERSITATIS
955 150 1333 192 HUMORUM.
1622 168 1739 207 433>

91 249 223 298 Jadl‘ura
251 256 374 288 totum
402 260 536 299 corpus
568 247 766 285 miserrime
798 247 1028 286 contabescat
1061 244 1140 297 (i).
1232 248 1283 287 Ita
1315 248 1541 298 pollutiones
1576 278 1587 294 ,
1622 253 1714 300 quas

92 317 261 350 vocant,
305 309 341 346 &
371 308 513 347 testium
554 315 715 345 tumores
741 308 776 343 in
808 305 1036 354 gonorrhoea
1076 307 1280 345 succedunt
1302 335 1313 354 ,
1350 309 1385 345 &
1431 308 1581 347 secretio
1619 312 1712 350 adeo

95 368 237 405 seminis
269 369 541 419 praecipitatur,
558 365 618 404 etfi
646 367 735 404 acris
759 366 820 403 ille
849 366 954 404 ichor
979 368 1016 403 in
1033 367 1185 406 ure-three
1210 366 1282 405 fine
1307 367 1455 417 paulum
1483 368 1587 418 super
1611 370 1714 417 glan..

94 429 178 464 dem
205 427 336 465 residet
364 421 490 476 (i*).
536 425 594 464 Ad
621 425 810 473 glandulas
841 427 991 464 irritatas
1020 426 1179 476 liquores
1199 427 1409 473 confluere,
1445 428 1645 477 iitsanguis
1669 429 1714 469 ad

95 486 263 524 dolentes
292 487 327 523 Sc
350 485 586 524 inflammatas
614 484 768 522 confluit
786 512 795 527 ‚
825 497 963 534 nupera
993 485 1201 534 conjeftura
1226 487 1274 524 est
1299 489 1314 530 (
1343 481 1423 526 z'²¹‘'¹<
1436 489 1466 534 ).

194 546 235 584 In
263 546 338 583 aliis
368 545 571 583 secretoriis
605 543 752 593 organis
785 544 905 582 adhuc
940 544 1144 583 evidentior
1166 547 1375 584 irritationis
1400 547 1569 584 adhibitae
1595 546 1716 586 effica-

97 609 150 645 cia
179 606 255 648 est,
286 616 366 652 quae
406 605 478 641 acri
514 603 638 653 aliquo
671 615 829 653 corpore
865 605 1019 643 admoto
1053 604 1105 642 fit.
1156 604 1325 644 Omnino
1372 614 1492 643 autem
1539 607 1647 644 austae
1677 608 1715 645 in

94 676 236 714 organo
265 664 458 701 secretorio
498 663 696 700 velocitatis
727 663 972 713 phaenomena
1015 665 1177 702 imitatur
1206 662 1320 713 (k),
1352 666 1590 703 secretionem
1614 679 1717 705 nem-

95 737 141 775 pe
175 724 355 768 celerem,
383 731 606 772 tenuemque
623 751 633 765 ,
666 724 703 761 &
733 722 905 773 aquosam
922 753 932 767 ‚
959 735 1039 773 quae
1066 724 1256 762 secretioni
1283 725 1406 767 lentae,
1434 725 1593 768 mucofi,
1629 726 1719 764 cras-

94 784 163 821 five
192 784 355 820 humoris
384 782 557 820 succedit.
608 781 648 819 In
674 783 840 827 naribus,
864 783 1030 820 resorbto
1071 783 1222 832 pulvere
1243 783 1443 826 hellebori,
1460 793 1519 822 aut
1545 788 1616 822 acri
1642 787 1716 824 lure

95 854 322 893 quocunque
344 842 541 895 sapidoque
568 853 750 890 corpore,
777 843 876 891 prior
902 853 1032 880 mucus
1057 845 1288 891 emungitur,
1316 846 1378 894 qui
1412 845 1448 879 in
1483 857 1622 881 narium
1693 871 1717 882 i-

95 901 256 940 vernulis
283 902 413 952 praesto
441 901 509 938 fuit
531 929 541 944 ,
569 907 678 950 atque
706 902 800 948 adeo
829 903 997 939 excretio
1043 910 1286 950 promovetur
1313 932 1323 946 ‚
1356 903 1489 941 deinde
1512 932 1522 947 ,
1565 907 1718 953 repetita

94 961 354 1002 sternutatione
375 987 387 1005 ‚
412 972 502 1010 aqua
530 959 773 1009 copiofiffime
790 961 835 999 de
854 962 999 999 naribus
1019 962 1240 1000 exturbatur.

182 1020 235 1058 Ita
260 1021 298 1057 in
331 1032 393 1058 ore
410 1046 422 1063 ‚
448 1021 536 1057 acris
565 1019 816 1070 cujuscunque
836 1021 910 1059 fere
935 1023 1120 1070 corporis,
1142 1022 1201 1059 sed
1236 1023 1402 1070 inprimis
1430 1029 1550 1060 tamen
1578 1021 1720 1062 acrium

96 1079 361 1118 nonnullarum
399 1079 591 1128 stirpium,
621 1081 860 1118 manducatio
906 1078 944 1119 ἃ
980 1082 1238 1119 excretionem
1266 1080 1381 1118 salivae
1412 1090 1542 1131 auget,
1572 1084 1605 1120 Sc
1639 1095 1719 1121 om-

95 1139 318 1180 ninoetiam
344 1138 593 1176 secretionem.
644 1139 789 1177 Afoliis
821 1139 989 1177 absinthii
1013 1141 1255 1189 integrifolii,
1297 1142 1398 1190 quod
1427 1142 1627 1180 draconem
1653 1155 1719 1180 vo-

96 1206 203 1242 cant,
223 1197 465 1243 ,commanfim
494 1198 530 1234 &
559 1200 669 1236 etiam
703 1199 819 1247 magis
842 1212 862 1237 a
885 1200 1021 1238 semine
1039 1196 1280 1252 jabadillae‚
1307 1200 1378 1237 five
1405 1214 1445 1240 ea
1476 1203 1612 1240 aconiti
1638 1202 1718 1254 spe·
1731 1228 1739 1231 »

97 1260 169 1296 cies
199 1257 247 1294 est
266 1287 276 1301 ‚
304 1257 373 1295 live
408 1268 455 1294 ex
496 1256 677 1305 delphinii
700 1269 834 1306 genere
862 1287 872 1301 ,
914 1259 1140 1297 incredibilis
1166 1261 1275 1298 lentae
1299 1260 1413 1298 salivae
1439 1263 1545 1310 copia
1566 1288 1577 1306 ,
1608 1264 1719 1300 etiam

97 1324 186 1356 tunc
216 1319 336 1367 pergit
360 1317 527 1359 effluere,
551 1317 700 1366 quando
740 1317 882 1355 dudum
905 1330 1027 1355 acrem
1059 1331 1143 1356 eum
1166 1319 1565 1369 apophlegmatismum
1586 1321 1631 1359 de
1653 1333 1716 1358 ore

97 1378 300 1425 rejecimus.
348 1374 511 1414 Scintilla
536 1376 698 1415 electrina
732 1376 875 1415 salivam
897 1379 1051 1429 perinde
1077 1379 1252 1417 accelerat
1282 1374 1386 1428 (l).

185 1434 332 1475 Eodem
355 1437 500 1486 penitus
523 1436 640 1474 modo
668 1448 767 1475 acres
797 1437 963 1486 fuliginis
994 1439 1031 1475 in
1068 1439 1174 1477 fumo
1197 1439 1342 1477 latentis
1380 1440 1565 1489 particulae
1603 1440 1720 1478 lacru-

98 1507 241 1533 marum
285 1496 525 1534 secretionem
563 1497 610 1534 ita
659 1497 888 1548 praecipitant
921 1497 1021 1546 (m)
1042 1528 1051 1542 ,
1078 1506 1118 1537 ut
1153 1499 1280 1537 ductus
1313 1498 1539 1537 resorbentes
1566 1500 1717 1538 minime

99 1555 191 1593 salsae
218 1567 318 1604 aquae
340 1555 569 1593 absumendae
602 1554 798 1599 sufficiant,
821 1569 902 1606 quae
930 1569 1044 1606 porro
1075 1558 1120 1596 de
1147 1561 1249 1607 genis
1277 1556 1413 1596 defluit.

194 1613 331 1652 Iterum
360 1626 425 1664 per
450 1614 617 1652 intestina
643 1614 788 1653 admissa
813 1616 1077 1656 medicamenta
1105 1621 1298 1668 purgantia
1315 1646 1325 1661 ‚
1356 1617 1614 1668 glandularum
1638 1620 1722 1659 mu-'

99 1673 293 1711 ciferarum
309 1701 319 1718 ‚
348 1673 671 1724 arteriolarumque
691 1675 940 1714 exhalantium
969 1676 1081 1721 fines,
1112 1690 1178 1728 per
1201 1678 1307 1716 villos
1333 1679 1414 1716 suos
1438 1684 1623 1727 patentes,
1642 1686 1726 1718 tan-

98 1738 134 1769 ta
161 1734 196 1770 vi
228 1732 449 1776 sollicitant,
479 1739 520 1771 ut
544 1731 708 1774 inmensa
738 1735 829 1785 serpe
857 1748 960 1786 aquae
989 1740 1041 1775 vis
1070 1749 1135 1786 per
1155 1750 1266 1775 anum
1302 1738 1521 1782 descendat,
1551 1739 1720 1788 cujusne

99 1792 243 1839 guttula
276 1791 427 1841 quidem
460 1803 623 1842 unquam
648 1823 658 1838 ‚
706 1794 839 1844 absque
870 1807 910 1833 ea
941 1797 1138 1840 violentia,
1176 1797 1222 1834 de
1245 1797 1416 1835 intestino
1440 1797 1540 1835 recto
1569 1797 1718 1836 exiisset.

101 1850 186 1895 Qua
220 1861 305 1887 vero
334 1852 474 1889 ratione
504 1863 546 1887 ea
574 1852 724 1889 secretio
751 1861 949 1899 urgeatur,
978 1857 1012 1892 ἃ
1046 1855 1122 1892 aliis
1150 1854 1205 1892 Cl.
1239 1857 1351 1899 viris,
1389 1857 1426 1892 δι’.
1460 1855 1569 1893 ἀοᾶο
1594 1858 1718 1896 nostro

101 1908 193 1946 olim
216 1909 375 1949 auditori
416 1907 467 1946 D.
501 1907 684 1948 FELlcr
721 1907 817 1960 (n)
838 1939 849 1956 ,
901 1911 937 1948 &
973 1913 1064 1951 mihi
1096 1925 1175 1951 non
1198 1914 1236 1951 in
1267 1914 1381 1953 brutis
1408 1913 1527 1953 solum
1558 1917 1722 1954 animali-

1593 2019 1603 2029 ,
1653 1977 1721 2016 bus

150 2085 221 2156 IS&
235 2086 248 2122 )
278 2082 321 2115 Le
307 2094 365 2126 ege
385 2082 423 2115 de
440 2083 485 2116 his
511 2082 648 2126 graviter
669 2094 936 2121 commentantem
961 2087 1008 2122 CI.
1035 2090 1132 2124 virum
1160 2087 1480 2130 elegantissimumque
1499 2088 1656 2123 medicum
1676 2090 1719 2123 D.

203 2136 250 2156 so
270 2134 294 2156 Τ
325 2130 358 2157 de
380 2127 650 2167 nmnustuprationir
670 2132 761 2161 noxis.

116 2195 133 2200 ,
150 2136 501 2202 ¹8(i*)N10NR00
533 2168 743 2208 desemine&
769 2171 855 2208 testi-6²
883 2183 912 2212 p.
939 2175 992 2206 64
1021 2179 1070 2209 65

186 2206 282 2243 (i**
293 2209 527 2245 >ANDRE²E
558 2212 592 2241 de
624 2213 735 2243 irritab.
757 2224 788 2253 p.
815 2223 862 2251 17.

183 2249 250 2285 (lc)
282 2257 386 2288 p.418.
411 2261 482 2286 419·

188 2291 253 2327 (l)
277 2291 490 2324 er'rzsnt.
514 2293 628 2331 consec'i.
657 2295 773 2326 elci'ric.

186 2333 242 2367 (m
252 2334 266 2368 )
289 2333 470 2366 W'HYTT
496 2335 606 2373 physio!
594 2346 646 2374 og,
668 2335 713 2376 eff
710 2348 752 2375 3ε
774 2348 802 2376 p.
832 2347 876 2376 50
903 2339 1003 2370 cordis
1029 2345 1119 2370 motu
1139 2334 1226 2370 nihiu
1244 2344 1331 2368 muta
1334 2344 1383 2369 to

190 2375 238 2409 (n
250 2376 262 2409 )
299 2374 359 2406 Ad
354 2377 398 2407 lv.
392 2378 442 2409 id
471 2377 508 2407 id
546 2377 620 2416 nup.
657 2378 694 2409 de
724 2386 815 2410 moti
846 2380 1034 2425 peristaltico
1062 2380 1282 2412 intestinorum
1314 2380 1346 2410 in
1385 2378 1578 2412 collectionis
1610 2378 1722 2412 nostrae

102 2412 199 2448 Tem
224 2412 302 2448 VH.
