1968 2706
235 189 316 226 170
403 173 450 217 L.
482 174 563 218 VI.
600 167 786 217 SECT.
812 174 847 216 I.
892 175 1237 215 SANGUINIS
1277 173 1391 213 PER
1435 174 1741 216 ARTERIAS

241 276 365 326 phaerii
388 274 544 322 speciem
566 275 604 310 in
632 273 898 311 cucurbitulam
922 272 1090 321 adsurgit.
1125 270 1227 309 Idem
1250 271 1393 308 effectus
1409 271 1568 320 sequitur
1583 300 1592 314 ‚
1614 270 1637 307 fi
1657 272 1740 319 igne
1760 272 1839 320 qui-

242 336 327 373 dem
351 334 556 371 abstinueris
576 362 585 376 ‚
614 339 783 371 caeterum
822 331 1012 381 fiphonem
1049 332 1124 369 cuti
1145 330 1361 380 adplicueris
1389 359 1399 374 ,
1442 331 1477 367 δι
1499 329 1657 367 extra&0
1687 330 1839 368 embolo

239 395 367 432 feceris
412 390 496 439 (k)
519 420 530 434 ‚
562 398 600 429 ut
629 392 781 441 spatium
801 403 879 429 aere
900 402 1052 429 vacuum
1083 400 1204 429 cutem
1241 391 1334 427 inter
1370 390 1405 426 ἃς
1438 387 1627 426 embolum
1665 390 1838 426 nascatur.

244 454 334 491 Non
353 452 436 489 ideo
457 458 606 500 oportet
622 450 846 488 diffimulaffe
861 479 870 492 ,
892 451 968 488 haec
989 451 1236 501 experimenta
1253 451 1358 486 etiam
1376 449 1440 485 alia
1465 461 1482 485 a
1496 448 1596 486 causa
1615 447 1688 484 fieri
1703 476 1712 490 ‚
1740 447 1844 497 quod

247 524 381 560 nempe
407 512 457 548 vis
483 511 726 548 incumbentis
760 513 795 548 in
826 517 945 547 totum
963 510 1141 558 reliquum
1167 521 1297 557 corpus
1317 507 1564 558 atmosphaerae
1582 536 1591 550 ,
1613 508 1704 544 cutis
1733 508 1846 558 parti-

250 570 389 613 culam,
415 570 525 607 solam
553 583 570 606 a
593 569 772 618 preffione
798 569 948 608 liberam
968 595 977 614 ,
997 576 1105 617 cogat
1137 570 1296 605 eminere
1313 596 1321 610 ,
1349 579 1493 616 eoque,
1528 574 1715 615 tamquam
1738 565 1779 603 ad
1800 565 1849 603 se-

249 631 333 667 dem
360 630 510 665 minime
531 628 745 666 resistentem
762 659 770 672 ‚
799 628 970 666 humores
997 628 1168 676 impellat.
1205 627 1309 663 Idem
1334 627 1431 662 enim
1457 628 1612 662 omnino
1636 625 1781 661 effeetus
1801 623 1850 661 se-

253 691 395 738 quitur,
416 687 484 724 five
513 689 609 724 intus
631 700 763 725 novam
783 693 1007 736 prementem
1033 688 1105 723 vim
1131 686 1358 735 generaveris
1374 713 1382 727 ‚
1404 683 1473 721 five
1501 684 1718 721 refistentem
1745 690 1851 721 extus

252 749 453 797 potentiam
476 747 667 784 abstuleris.
710 746 808 784 Hinc
835 745 1059 783 cucurbitula
1087 758 1168 784 cum
1187 748 1271 793 igne
1290 746 1397 780 etiam
1426 745 1461 779 in
1489 738 1764 789 cadaverem)
1798 742 1854 777 so-

252 807 360 845 litum
389 808 424 842 in
449 813 530 843 cute
558 812 742 842 tumorem
770 807 911 843 excitat.
954 805 1093 842 Verum
1117 803 1224 841 etiam
1243 804 1319 841 haec
1350 802 1615 851 contemplatio
1643 801 1856 850 pondusin-

254 867 419 916 gruentis
447 866 482 900 in
510 866 664 901 animale
690 877 825 916 corpus
851 863 1096 913 atmosphaerae
1125 864 1266 901 stabilit.

344 923 477 961 Eadem
518 924 617 960 causa
643 924 691 960 est
716 925 890 973 elegantis
921 923 1061 961 artificii
1088 950 1099 966 ‚
1136 934 1211 971 quo
1235 921 1478 959 PAP1NUS
1524 920 1540 966 (
1562 919 1630 966 m)
1659 919 1817 967 primum
1847 944 1856 960 ,

256 984 390 1022 deiude
424 981 928 1029 Homssme1us(n),
962 982 1092 1030 aliique
1118 982 1238 1029 (ο),
1279 981 1313 1017 &
1337 980 1457 1016 noster
1488 980 1579 1016 olim
1606 978 1861 1016 STAEHELJ-

257 1055 320 1083 Nu
340 1054 356 1080 s
387 1042 473 1095 (P)
511 1042 696 1080 coloratos
717 1041 880 1091 liquores
908 1043 945 1078 in
977 1041 1050 1077 vasa
1079 1042 1255 1078 viscerum
1273 1069 1281 1082 ‚
1309 1039 1494 1088 porosque
1536 1048 1691 1075 ovorum
1734 1046 1862 1082 urgere

258 1104 473 1139 docuerunt.
539 1100 676 1138 Tubuli
696 1113 830 1150 nempe
850 1101 955 1138 latius
982 1100 1112 1137 ostium
1134 1099 1275 1137 vasculo
1297 1107 1448 1146 argento
1476 1099 1582 1140 vivo,
1607 1103 1667 1134 aut
1697 1095 1863 1133 colorato

259 1154 355 1200 certe
371 1161 515 1210 liquore
535 1185 547 1204 ‚
571 1161 720 1209 plenum
755 1161 974 1207 demergunt
997 1169 1007 1205 ,'
1028 1159 1219 1206 angustum
1240 1169 1324 1195 vero
1347 1157 1457 1194 finem
1476 1158 1512 1193 in
1527 1158 1690 1193 arteriam
1718 1155 1833 1202 ligant
1852 1180 1862 1195 ‚

260 1235 341 1271 quae
372 1221 415 1257 ad
438 1220 548 1256 viscus
567 1221 747 1269 pertinet,
775 1219 837 1255 sub
866 1230 1039 1267 campana
1062 1217 1269 1268 repositum.
1317 1215 1455 1254 Eduoo
1472 1220 1573 1260 aere,
1593 1213 1740 1264 pressio,
1758 1223 1866 1260 quam

262 1282 301 1318 id
332 1279 445 1316 viscus
475 1278 611 1315 soleba-t
634 1278 677 1315 ab
694 1277 928 1325 atmosphaera
957 1278 1053 1325 pati,
1074 1278 1255 1320 aufertur,
1280 1275 1471 1312 resistentia
1493 1286 1582 1322 ergo
1612 1273 1770 1314 tollitur,
1788 1281 1868 1320 quae

264 1340 462 1376 introituro
490 1347 552 1385 per
581 1337 744 1374 canalem
775 1337 908 1385 liquori
938 1336 1153 1383 obiistebat,
1187 1338 1222 1372 Sc
1246 1336 1366 1384 liquor
1395 1335 1547 1382 sponte,
1568 1340 1607 1370 ut
1635 1329 1799 1373 viderur,
1823 1341 1868 1366 ex

265 1398 408 1435 vasculo
438 1398 473 1433 in
508 1396 704 1439 tribulum,
738 1398 848 1443 inque
875 1397 999 1432 onmia
1028 1395 1169 1432 visceris
1200 1395 1274 1431 vasa
1316 1393 1499 1436 illabitur,
1530 1404 1644 1441 eaque
1679 1402 1780 1440 aeque
1816 1401 1868 1425 re-

265 1458 343 1506 plet
370 1457 538 1504 penitus,
566 1462 604 1491 ut
636 1454 786 1504 quidem
816 1455 866 1490 vis
894 1454 1030 1491 emboli
1063 1453 1306 1502 potentiflime
1335 1452 1445 1490 adaffi
1471 1450 1681 1500 replevisset.

354 1515 490 1552 Iterum
522 1513 739 1562 pressionem
774 1514 861 1550 aeris
889 1515 925 1550 in
955 1514 1120 1561 corporis
1161 1514 1307 1549 animati
1339 1510 1561 1563 superficiem
1600 1510 1746 1547 nitentis
1784 1518 1874 1556 aqua

268 1576 430 1612 imitatur
447 1599 457 1618 ‚
489 1585 567 1622 quae
600 1574 635 1610 in
666 1573 822 1610 demersa
848 1572 909 1609 sub
938 1570 1161 1621 profundum
1191 1584 1285 1608 mare
1307 1571 1443 1608 vascula
1470 1576 1566 1607 tanta
1593 1571 1626 1605 vi
1653 1569 1779 1604 nititur
1796 1593 1808 1609 ‚
1836 1572 1877 1601 ut

271 1635 404 1671 credita
436 1632 476 1668 slt
507 1645 620 1680 poros
646 1634 728 1669 vitri
747 1632 942 1681 pervadere
969 1659 981 1676 ‚
1015 1640 1077 1669 aut
1103 1638 1199 1668 certe
1231 1632 1268 1667 in
1295 1632 1433 1679 optime
1458 1629 1588 1666 clausas
1616 1627 1750 1676 phialas
1780 1628 1874 1661 viam

271 1693 332 1730 sibi
364 1693 523 1740 aperire,
555 1692 637 1729 alias
664 1703 751 1728 vero
774 1692 939 1739 frangere
967 1691 1035 1729 visa
1063 1690 1104 1726 fit
1135 1689 1239 1743 (ΓΕ)
1271 1702 1277 1725 ;
1307 1692 1418 1738 inque
1440 1687 1685 1725 urinatoribus
1712 1713 1721 1727 ,
1748 1684 1878 1732 quibus

273 1751 400 1801 aliquae
424 1753 514 1787 cutis
564 1750 754 1801 particulae
786 1747 944 1802 (P**)
966 1763 983 1788 a
1016 1749 1193 1798 pressione
1235 1757 1317 1786 tutae
1359 1749 1438 1785 sunt
1465 1776 1474 1790 ,
1511 1747 1598 1783 dum
1627 1745 1776 1794 reliquae
1813 1741 1874 1779 sub

275 1823 340 1858 24.
371 1821 469 1858 aquae
506 1811 628 1858 orgyis
658 1817 874 1857 merguntur
895 1838 904 1852 ‚
941 1817 1036 1847 tanta
1075 1809 1110 1845 vi
1139 1809 1266 1845 nititur
1286 1836 1295 1851 ‚
1320 1814 1360 1845 ut
1405 1807 1616 1855 sanguinem
1646 1804 1690 1842 de
1736 1801 1877 1843 oculis,

1739 1860 1882 1898 naribus

281 2062 285 2067 .
357 2018 370 2054 <
382 2021 398 2049 lc
410 2019 424 2055 )
450 2018 473 2047 B
485 2028 502 2045 o
515 2027 535 2049 γ
549 2029 564 2047 1⁷
580 2028 596 2048 ε
610 2021 686 2048 'new
697 2025 785 2056 cxper.
802 2013 878 2055 phys
897 2018 1020 2048 mechan.
1034 2018 1164 2055 touching
1177 2014 1324 2058 thefivring
1343 2015 1424 2055 osthe
1438 2017 1482 2046 air
1496 2022 1552 2052 exp.
1578 2025 1623 2051 35.
1649 2012 1666 2042 S
1679 2022 1694 2042 ε
1706 2022 1725 2041 N
1735 2020 1751 2042 c
1762 2019 1786 2042 U
1797 2019 1814 2040 ε
1825 2018 1846 2040 R
1861 2019 1883 2039 υ

276 2070 381 2098 mqms.
409 2068 498 2096 cxper.
528 2068 586 2097 exp.
615 2067 640 2088 6.

362 2102 416 2136 (l)
443 2100 616 2137 Pscqssz
633 2109 656 2129 Τ
686 2111 716 2138 p.
739 2107 787 2134 69.

362 2144 441 2177 (ηπ)
461 2142 565 2180 Gypl'o
592 2141 659 2170 usus
674 2159 682 2173 a
705 2142 786 2179 apud
809 2140 853 2170 B:
866 2150 882 2169 R
895 2152 940 2171 CH
969 2141 1028 2181 hist.
1048 2140 1130 2178 ofthe
1153 2136 1337 2177 royalsociet.
1361 2135 1401 2166 T.
1422 2135 1480 2166 IV.
1503 2146 1530 2174 p.
1553 2141 1620 2172 296.
1644 2138 1702 2166 &a

362 2183 432 2218 (n)
468 2183 496 2212 H
509 2193 528 2211 o
541 2193 569 2212 M
583 2194 599 2212 B
616 2193 630 2211 υ.
644 2192 661 2210 R
674 2192 691 2211 G
714 2184 839 2212 memoir.
860 2183 892 2210 de
914 2183 1024 2213 I’Accnl.
1053 2185 1121 2219 Roff.
1145 2182 1189 2209 dss
1212 2181 1310 2210 Sciens.
1339 2181 1423 2209 1609.

363 2224 424 2259 (ο)
457 2225 619 2260 Ροζγεανριιι
646 2224 762 2252 Gotclieb
807 2223 824 2252 S
835 2235 851 2252 c
864 2234 882 2252 H
896 2233 916 2251 Α
930 2235 944 2252 r:
959 2234 976 2252 H
992 2234 1005 2253 n
1018 2235 1038 2254 R
1060 2222 1092 2251 in
1113 2222 1185 2259 disp.
1208 2222 1240 2249 de
1259 2218 1413 2248 admi-'nima
1431 2224 1558 2248 anatom-

364 2266 405 2300 (Ρ
424 2264 436 2299 )
462 2264 553 2304 Apud
575 2263 621 2294 C1.
646 2264 663 2292 S
678 2275 693 2291 c
711 2274 728 2292 ri
742 2275 751 2292 1
770 2276 787 2293 N
804 2273 821 2293 z
838 2275 848 2293 ι
861 2275 884 2295 υ
898 2275 916 2293 N
941 2266 974 2294 de
992 2266 1062 2294 calce
1082 2274 1110 2301 p.
1136 2272 1182 2299 35.
1210 2260 1277 2300 Ipse
1302 2269 1377 2289 vero
1404 2258 1552 2295 ejusmodi
1572 2266 1653 2289 ova,
1675 2264 1692 2285 a
1714 2256 1797 2286 claro
1811 2252 1888 2284 olim

287 2306 387 2337 amico
412 2304 497 2336 douo
520 2306 589 2334 data
614 2326 622 2339 ,
651 2305 796 2343 poliieieo.

365 2346 410 2382 (P
429 2346 445 2364 *³
465 2348 477 2384 )
498 2349 590 2379 Illem.
616 2347 648 2375 de
666 2348 750 2376 Trea
786 2353 873 2380 1742.

367 2388 406 2423 (Ρ
423 2386 488 2424 >Mt)
509 2386 766 2426 Experimeutum
799 2386 831 2416 iu
856 2387 974 2418 femore
1003 2383 1080 2417 fecit
1109 2382 1216 2423 Bltfius
1238 2381 1318 2414 PAS
1333 2391 1411 2413 CAL
1441 2383 1474 2413 de
1504 2378 1653 2420 l'dquilihre
1681 2375 1715 2409 L.
1741 2375 1784 2406 II·
1810 2387 1834 2406 c.
1858 2387 1873 2406 2

284 2439 314 2461 n.
341 2433 368 2460 6.
