1968 2706
548 151 727 193 MOTI
786 148 1151 191 EFFECTUS.
1571 152 1650 196 303

55 255 203 306 guinem
222 251 347 290 similia
370 250 408 288 in
434 249 587 298 coagula
611 249 706 286 abire
732 245 806 298 (s)
825 272 837 289 ,
866 248 903 284 δε
930 248 1047 285 multo
1080 247 1310 289 densiorem,
1330 244 1648 284 rubicundiorem·

55 328 126 365 que
143 312 212 351 effe
229 341 238 356 ,
255 323 365 361 quam
384 309 566 360 phthisicae
585 307 714 358 puellae
732 306 871 354 sanguis
886 307 934 344 est
946 336 955 350 ‚
986 307 1148 356 quicum
1163 307 1221 345 sua
1244 306 1376 357 aquosa
1391 303 1518 344 indole
1536 310 1656 343 tamen

56 375 192 415 caleat,
220 370 283 408 etfl
311 371 430 407 minus
464 374 563 406 certe
590 365 831 415 globulorum
857 367 1046 408 continet,
1073 367 1109 403 &
1133 366 1213 415 plus
1230 378 1341 416 aquae.

143 431 316 479 Denique
342 427 469 466 caloris
492 425 624 475 gradus
648 425 803 462 omnino
836 436 912 462 non
934 424 1002 462 effe
1026 423 1063 461 in
1091 427 1230 463 ratione
1252 426 1443 463 celeritatis
1469 423 1649 472 sanguinis

57 490 148 541 (t).
193 490 288 527 Sano
316 487 458 524 homini
476 482 598 535 pulsus
622 483 690 522 effe
718 490 775 528 70
799 482 885 535 (u)
922 484 1080 523 calorem
1096 492 1155 528 96
1171 484 1352 533 graduum
1375 497 1381 522 :
1409 483 1569 522 eundem
1586 481 1653 518 ho-

58 553 196 589 minem
224 547 488 585 febricitantem
522 544 645 594 pulsus
662 543 796 582 habere
823 554 840 581 .1
858 553 912 588 30
941 574 950 588 ‚
987 551 1098 593 atque
1127 543 1220 581 adeo
1262 555 1338 581 non
1370 544 1525 582 multum
1565 541 1656 578 infra

58 608 211 659 duplum
247 615 472 647 numerum-,
511 604 641 653 plenos
675 603 783 640 etiam
817 602 1042 652 magnosque
1072 604 1110 640 in
1147 604 1284 641 morbis
1316 599 1604 640 inflimrnatoriis
1644 628 1654 641 ,

59 669 186 708 caloris
208 674 329 704 tamen
355 674 431 701 non
445 661 549 700 facile
580 663 684 712 supra
720 668 797 704 108
828 662 1088 711 gradusmcr)
1113 664 1150 700 in
1180 675 1224 700 eo
1245 662 1398 699 homine
1418 660 1485 698 effe
1513 687 1526 705 ,
1557 662 1620 710 qui
1640 671 1658 696 a

61 734 112 773 96
136 726 354 763 duodecima
381 733 481 772 parte
510 721 692 759 differunt.
735 720 907 760 Celeritas
938 732 1026 770 ergo
1045 720 1226 772 sanguinis
1244 720 1416 770 sextuplo
1437 719 1512 757 fere
1533 720 1661 767 majori

56 789 199 825 ratione
220 782 368 821 auiiaest
386 809 395 824 ‚
417 793 525 830 quam
549 780 698 830 quidem
718 780 828 817 calor.

145 843 283 881 Iterum
298 871 306 884 ‚
327 852 426 889 pone
441 840 601 877 calorem
616 839 736 877 balnei
751 837 821 878 effe
845 848 926 875 100
944 839 1126 887 graduum
1156 833 1226 888 (κ)
1252 865 1263 883 ,
1284 850 1370 876 eum
1386 836 1545 876 calorem
1562 848 1663 873 com·

61 903 262 941 municabit
289 902 396 937 etiam
423 899 587 936 cadaveri
611 906 671 936 aut
704 897 849 936 homini
879 926 889 940 ,
920 909 1029 948 quem
1055 900 1196 936 animus
1223 898 1357 947 linquit
1393 926 1403 940 ‚
1441 908 1526 934 cum
1556 895 1658 943 pulsu

62 964 156 1001 adeo
180 960 283 999 nullo
301 988 310 1002 ,
340 958 502 996 fridtione
528 958 710 1007 sanguinis
733 957 832 995 nulla
848 985 858 1000 ‚
883 968 1004 1006 neque
1034 957 1104 995 ulla
1131 969 1255 996 earum
1272 955 1458 994 causarum
1510 966 1591 1004 quae
1606 965 1660 991 ca-

61 1023 179 1059 lorem
194 1030 363 1068 generare
390 1018 569 1055 dicuntur.
610 1016 680 1054 Sed
700 1018 738 1054 in
752 1015 946 1065 hypothesi
964 1045 972 1058 ,
995 1023 1122 1055 contra
1145 1028 1255 1066 quam
1270 1016 1344 1053 hoc
1373 1016 1459 1053 loco
1488 1014 1630 1051 dicetur
1648 1039 1660 1057 ,

63 1093 103 1118 ea
121 1080 236 1118 frictio
255 1104 268 1122 ,
291 1083 487 1125 motusque
506 1077 687 1124 sanguinis
709 1077 747 1112 in
772 1076 949 1114 circulum
975 1076 1038 1113 affl
1054 1101 1066 1124 ‚
1088 1076 1262 1125 producit
1285 1074 1413 1113 caloris
1442 1072 1574 1122 gradus
1605 1079 1629 1108 6
1637 1083 1659 1119 4

64 1139 166 1193 (y).
204 1137 305 1176 Pone
326 1147 417 1184 ergo
443 1135 696 1184 syncopticum
721 1126 833 1171 illum*
850 1133 1044 1172 hominem
1067 1137 1104 1172 in
1130 1135 1261 1173 balneo
1287 1132 1494 1171 reviviscere
1511 1158 1523 1175 ‚
1555 1129 1663 1168 debe·

64 1206 118 1237 ret
134 1200 171 1235 in
197 1199 270 1245 ejus
290 1196 462 1243 sanguine
488 1194 586 1232 calor
603 1193 698 1231 nasci
729 1199 809 1239 164
838 1193 1019 1241 graduum
1039 1223 1048 1237 ,
1072 1206 1156 1232 nam
1173 1195 1209 1231 &
1235 1195 1376 1242 priores
1405 1192 1449 1230 ab
1466 1202 1556 1240 aqua
1582 1200 1661 1228 103

64 1257 197 1306 gradus
213 1256 343 1297 habet,
366 1255 401 1290 &
419 1265 549 1290 novam
574 1252 713 1290 causam
728 1280 737 1295 ‚
762 1263 842 1301 quae
859 1251 992 1300 gradus
1022 1261 1075 1301 64
1094 1254 1226 1291 dicitur
1245 1252 1459 1302 producere.
1485 1249 1590 1287 Nihil
1604 1260 1664 1287 au-

66 1324 144 1354 tem
168 1315 207 1353 fit
227 1312 407 1362 ejusmodi
432 1338 444 1357 ‚
483 1313 519 1350 &
548 1312 646 1350 calor
675 1312 832 1349 hominis
869 1312 1032 1350 manebit
1061 1314 1156 1350 circa
1175 1311 1414 1350 centesimum
1443 1309 1532 1360 (z)
1554 1337 1564 1352 ‚
1601 1307 1665 1345 etsi

67 1374 184 1413 causas
206 1372 270 1422 ipfi
297 1370 587 1419 adfignavimus,
613 1383 700 1421 quas
720 1381 867 1420 aequum
890 1369 974 1408 effet
1009 1372 1215 1421 producere
1241 1371 1373 1420 gradus
1412 1377 1503 1408 160.
1556 1367 1664 1404 Idem

66 1434 128 1478 fit,
158 1433 183 1470 fi
209 1433 295 1470 loco
323 1430 441 1468 balnei
467 1431 634 1468 ardorem
658 1430 733 1467 caeli
764 1441 877 1478 ponas
907 1428 988 1478 (a)
1022 1433 1132 1470 etiam
1171 1433 1347 1479 majorem
1374 1441 1483 1478 quam
1512 1427 1630 1464 balnei
1652 1454 1662 1468 ,

69 1493 248 1542 graduum
272 1500 362 1534 109.
395 1497 457 1527 aut
500 1500 582 1528 120
599 1515 610 1534 ,
643 1489 763 1539 quales
786 1490 889 1527 aestus
915 1492 950 1525 in
970 1502 1050 1528 aere
1063 1489 1163 1528 fuisse
1182 1490 1265 1528 alibi
1286 1490 1486 1528 retulimus.
1507 1486 1542 1523 Is
1567 1487 1664 1524 idem

70 1564 115 1594 eo
145 1558 311 1599 tempore
335 1548 434 1586 calor
461 1549 530 1587 erit
553 1549 773 1592 cadaveris&
809 1548 954 1597 piscisve
980 1562 988 1586 :
1014 1549 1074 1587 sed
1116 1550 1151 1586 in
1173 1550 1323 1588 homine
1353 1548 1455 1585 causa
1484 1549 1533 1587 est
1551 1576 1560 1590 ,
1591 1559 1670 1596 quae

71 1612 178 1649 etiam
200 1609 274 1647 sola
301 1607 432 1657 gradus
463 1608 638 1657 producit
668 1614 721 1655 64
748 1632 759 1651 ,
783 1615 894 1658 atque
934 1608 1025 1647 adeo
1054 1609 1153 1646 calor
1182 1608 1364 1658 sanguinis
1399 1619 1499 1649 nunc
1525 1608 1674 1647 deberet

1611 1676 1678 1715 else

156 1783 217 1818 (s)
240 1792 268 1821 p.
295 1791 341 1816 17.

116 1864 123 1870 “
151 1824 169 1869 ῃ(
182 1824 220 1859 t)
245 1823 372 1868 Fatetur
393 1821 439 1853 111.
460 1822 477 1852 S
492 1833 508 1852 c
521 1832 540 1853 Η
554 1832 575 1854 ιι.
586 1832 623 1868 Ε]
637 1831 653 1852 Β
667 1832 683 1853 ε
697 1832 718 1853 n
732 1830 756 1853 υ
771 1832 782 1852 s
806 1841 814 1856 2
832 1824 912 1854 hanc
935 1821 1125 1862 potissimum
1141 1825 1180 1854 ob
1203 1825 1355 1858 rationem
1367 1848 1374 1862 ,
1398 1826 1595 1860 velocitatem
1608 1832 1674 1862 san-

73 1874 173 1905 guinis
193 1874 257 1937 ugia]
279 1873 401 1893 unicam
427 1864 483 1894 effe
509 1864 620 1895 caloris
639 1864 762 1894 causam
786 1866 899 1903 Αἰήτας.
928 1876 962 1904 p.
983 1874 1050 1898 277.

156 1907 170 1941 (
184 1915 204 1933 u
252 1915 280 1942 p.
297 1911 366 1934 261.

154 1945 251 1983 (uss)
273 1945 322 1975 Ad
344 1953 400 1977 109
430 1944 461 1974 in
490 1945 573 1974 febre
607 1944 756 1975 continua
786 1945 823 1976 de
848 1946 970 1976 HAEN
1004 1943 1044 1977 T.
1076 1944 1114 1975 Il.
1145 1955 1173 1983 p.
1199 1952 1265 1981 ¹58.
1296 1947 1344 1978 Ad
1379 1957 1413 1985 39
1443 1948 1662 1984 Rmvmu-

75 1996 119 2018 R1
132 1997 182 2018 An
196 1998 214 2017 o
230 1998 241 2017 s
265 1986 377 2026 gradus
399 1985 430 2016 in
454 1985 588 2016 febribus
612 1985 888 2018 intermittentibus
913 1987 939 2016 A
954 1999 972 2015 N
986 1997 1005 2016 ο
1019 1997 1040 2015 N
1054 1996 1073 2016 Y
1089 1998 1127 2017 M.
1146 1987 1182 2017 de
1206 1987 1240 2017 iis
1265 1988 1394 2019 febribus
1413 2000 1441 2028 p.
1465 1999 1510 2025 35,
1538 1994 1574 2024 ad
1599 2005 1669 2033 qua-

77 2028 216 2066 draginta
245 2028 262 2057 S
276 2038 294 2057 Α
307 2037 330 2058 U
342 2039 362 2057 v
376 2037 394 2057 A
408 2037 426 2057 c
438 2038 454 2057 E
468 2039 478 2057 s
499 2029 532 2057 de
554 2028 721 2064 inflammat.
745 2039 774 2067 p.
802 2035 868 2065 238.
890 2038 1000 2067 nempe
1022 2037 1076 2057 112
1102 2027 1208 2066 gradus
1239 2029 1323 2060 FAH
1336 2041 1381 2063 Rs
1395 2041 1416 2060 N
1429 2041 1459 2061 n.

161 2072 233 2106 (x)
254 2068 357 2099 Potest
377 2068 473 2107 major
503 2067 560 2099 effe
583 2068 615 2098 L.
642 2068 674 2098 V.
696 2080 727 2108 p.
765 2079 810 2105 33.
835 2080 880 2106 34.

129 2150 134 2156 .
161 2112 230 2148 (y)
252 2109 353 2141 Plures
382 2110 459 2148 poni
485 2108 625 2149 possunt,
649 2109 669 2139 sl
692 2110 814 2150 cogites
838 2111 866 2140 in
889 2109 1014 2140 fibirico
1043 2111 1114 2149 gelu
1129 2132 1137 2143 ,
1160 2110 1337 2152 sanguinem
1355 2113 1419 2143 solo
1440 2114 1495 2144 suo
1518 2123 1608 2147 motu
1622 2128 1673 2148 ca-

76 2151 150 2181 lons
176 2152 286 2191 gradus
304 2151 475 2198 p'mducese
499 2161 610 2196 ²¹52?
635 2152 764 2189 225-(2'1-
795 2152 822 2182 D
837 2162 855 2182 o
870 2162 893 2183 U
912 2162 929 2182 G
943 2160 1020 2180 LAs
1064 2150 1194 2191 trigesies
1224 2155 1375 2191 majorem
1400 2156 1534 2186 calorem
1556 2158 1587 2188 in
1609 2160 1676 2198 pnl-

78 2202 173 2238 nione
193 2202 332 2238 generari
354 2193 465 2223 debere
489 2193 618 2227 objxmt,
643 2194 727 2230 qnod
753 2194 784 2225 in
803 2204 840 2225 eo
862 2193 973 2224 viscere
996 2192 1131 2233 trigesies
1153 2195 1284 2227 celerior
1310 2197 1344 2227 fit
1367 2196 1527 2228 circulatio
1543 2219 1551 2233 ‚
1581 2210 1673 2240 quam

78 2243 111 2263 m
131 2242 224 2263 mauu
249 2234 374 2271 quidem
394 2243 423 2270 p.
448 2239 495 2268 28.
526 2233 583 2264 Sed
604 2244 638 2264 ea
659 2235 783 2272 quidm
807 2235 948 2265 celei-itas
968 2233 1055 2271 rejici
1075 2235 1185 2272 potest.

162 2273 234 2309 (2)
257 2285 285 2310 p.
311 2278 357 2311 36.
382 2271 451 2305 lmo
481 2284 519 2304 eo
544 2284 613 2304 cum
640 2277 751 2307 calmis
778 2278 873 2317 gradu
902 2286 937 2313 34
962 2276 1112 2314 graduum
1148 2276 1421 2310 REAUMURH
1444 2280 1563 2312 sudavit
1590 2283 1674 2321 equi-

86 2314 157 2345 dem
181 2313 223 2344 Le
248 2313 482 2359 Momueg,
513 2322 654 2346 caeternm
679 2319 776 2355 pulsus
801 2318 853 2356 Ipsi
880 2327 943 2347 non
965 2317 1108 2347 incitatus
1133 2313 1190 2350 fnft
1216 2341 1224 2355 ,
1251 2327 1285 2351 ut
1304 2321 1431 2353 omnino
1453 2331 1517 2352 non
1536 2323 1675 2355 videatur

82 2355 282 2386 vehementer
306 2356 472 2387 exaestuaste
501 2358 592 2387 *Ham
609 2359 642 2386 de
660 2359 776 2391 l'AcaJ.
796 2363 840 2391 des
866 2362 966 2391 Selene.
999 2368 1088 2396 1747.

164 2398 447 2434 (a)D0u01.A
464 2409 473 2427 s
504 2408 539 2427 m
562 2399 625 2428 hm
643 2409 673 2437 p.
693 2406 740 2436 28,
