1968 2706
614 167 802 221 SECT.
848 175 922 219 ΙΙ.
1015 178 1248 220 canoa.
1620 193 1694 224 ως

95 283 309 333 portionem
345 276 594 317 adhaerentem
624 273 708 325 (c)
744 276 879 325 habet,
917 276 1065 326 quando
1093 288 1181 314 vero
1218 268 1364 313 seorfini
1391 270 1602 321 obtinetur,
1633 277 1694 315 ad-

96 340 235 380 scendit
268 339 411 376 ramosa
446 335 711 376 arbuscularum
739 335 859 385 specie
889 333 1004 389 (τως
1038 334 1177 384 singula
1208 346 1295 373 vero
1322 336 1398 383 ejus
1427 335 1505 373 salis
1544 335 1692 383 granula

99 397 423 449 parallelepipeda,
442 396 583 438 cubica,
603 395 779 438 ochema,
797 396 833 432 ὃς
855 395 1076 444 regularium
1091 394 1383 446 polygoniorum
1409 390 1473 446 (e)
1493 406 1694 443 corporum

97 457 222 496 similia
247 458 336 495 sunt.
379 455 415 493 Si
443 455 577 498 calcem
606 454 770 503 sanguini
783 454 968 504 adjeceris,
994 454 1117 491 nullus
1145 454 1201 491 sal.
1225 452 1335 492 ficcus
1358 455 1568 495 obtinetur,
1605 458 1694 503 eJ'us-
1723 456 1726 460 ”

99 530 172 567 que
204 517 330 554 locum
357 514 499 563 spiritus
517 542 527 556 ,
568 513 676 552 solito
704 515 740 551 δε
768 513 974 563 copiosior,
1007 514 1042 550 δε
1077 513 1252 550 valentior
1276 521 1433 564 occupat
1460 509 1564 566 (f):
1594 514 1619 551 fi
1641 527 1699 552 ve-

101 589 144 614 ro
178 576 285 613 salem
313 574 438 611 tartari
467 572 553 625 (g)
581 584 650 621 pro
691 573 790 611 calce
814 571 1180 621 addideris,spiritus
1216 572 1367 622 quidem
1397 574 1563 621 debilior,
1590 575 1701 625 pluri-

103 647 204 673 mum
228 644 313 670 vero
344 630 608 672 salisvolatilis
642 632 842 671 adscendet.

151 700 152 703 ’
186 691 436 731 Vehementer
465 702 551 728 cum
582 691 693 729 acidis
725 692 930 742 liquoribus
966 691 1080 729 fervet
1110 685 1234 740 (h):
1278 691 1403 741 spiritu
1439 704 1526 730 vero
1567 691 1704 731 rectore

102 751 225 791 amisso
245 780 254 794 ‚
290 751 440 788 minima
475 755 577 798 parte
609 749 660 787 sui
685 752 860 799 ponderis
885 751 1031 793 levior,
1062 751 1220 789 omnino
1251 752 1430 790 inodorus
1463 753 1618 801 superest
1638 748 1701 799 (i).

191 810 313 856 Qiam
340 810 377 845 in
407 808 573 845 universo
599 808 775 857 sanguine
819 811 1032 861 portionem
1071 809 1260 852 obtineat,
1295 809 1486 848 difficulter
1524 818 1621 850 certe
1656 811 1708 847 di-

106 871 210 907 citur.
258 863 406 922 Caspar
446 867 718 905 NEUMANN
754 881 801 906 ex
825 870 914 907 libra
943 868 1144 917 sanguinis,
1176 869 1383 918 cruorisque
1424 867 1505 906 ficei
1533 870 1711 907 drachmis

110 935 161 970 28
200 928 361 966 obtinuit
401 925 610 962 drachmam
653 926 730 963 salis
759 927 843 965 ficei
883 927 1098 970 dimidiam,
1130 939 1211 977 quae
1247 930 1337 965 ratio
1379 930 1491 966 totius
1530 928 1711 976 sanguinis

109 988 159 1024 est
184 983 268 1033 (k)
308 984 387 1035 7¹53.
434 978 669 1022 Gzcaltlzerus
697 985 764 1022 NE
780 998 958 1023 EDHAM
985 986 1030 1023 de
1056 986 1236 1034 sanguinis
1263 986 1347 1024 ficci
1374 989 1488 1026 unciis
1512 988 1600 1031 sex,
1624 998 1712 1037 quas

110 1045 219 1095 poffis
247 1044 377 1082 habere
399 1054 470 1094 pro
490 1042 570 1091 sapa
591 1043 637 1082 de
670 1055 725 1081 20
748 1046 865 1082 unciis
894 1045 1076 1092 sanguinis
1104 1045 1275 1088 extracta,
1302 1045 1378 1083 salis
1404 1046 1560 1086 volatilis
1590 1046 1717 1084 drach-

111 1116 186 1142 mas
211 1104 296 1141 duas
327 1103 464 1150 paravit
479 1129 487 1143 ‚
516 1101 586 1138 five
610 1109 750 1150 partem
766 1105 809 1152 ἓξ
827 1102 847 1151 (
864 1099 917 1151 l).
948 1097 1114 1154 Jacobzcs
1136 1103 1193 1151 Ju
1208 1115 1228 1140 a
1245 1115 1257 1139 1
1272 1116 1298 1140 N
1322 1115 1368 1142 ex
1401 1104 1500 1144 siccis
1522 1111 1574 1152 78
1601 1106 1718 1143 unciis

112 1161 294 1211 sanguinis
311 1160 496 1198 drachmas
514 1158 589 1197 salis
609 1158 763 1198 volatilis
779 1160 930 1211 septem,
942 1161 1011 1198 five
1027 1167 1167 1209 partem
1186 1161 1258 1198 fere
1274 1159 1313 1208 ἔξ,-
1325 1162 1395 1212 (m)
1413 1163 1550 1202 elicuit.
1570 1159 1719 1203 Rober-

114 1230 174 1261 ΐιις
198 1222 327 1259 Boua
344 1220 381 1256 in
394 1219 509 1268 priori
523 1217 586 1268 (n)
605 1221 858 1268 experimento
876 1220 962 1258 ficci
987 1219 1167 1268 sanguinis
1195 1221 1318 1257 uncias
1342 1223 1547 1274 exploravit
1566 1236 1632 1271 24,
1649 1224 1719 1261 ob-

118 1281 226 1318 tinuit
243 1279 319 1316 salis
342 1277 500 1315 volatilis
518 1277 705 1316 drachmas
732 1279 861 1318 decem
885 1291 972 1318 cum
998 1277 1144 1322 semisse,
1164 1290 1244 1328 quae
1268 1282 1392 1328 portio
1409 1284 1521 1321 totius
1544 1282 1724 1331 sanguinis

118 1339 169 1379 est
195 1337 269 1375 fere
302 1334 354 1387 ἐξ.
413 1335 560 1374 SiCcum
588 1333 689 1374 enim
724 1338 938 1387 sanguinem
969 1345 1105 1388 quartae
1139 1339 1232 1387 parti
1272 1341 1385 1377 totius
1423 1342 1540 1380 maffae
1574 1355 1725 1392 compa-

120 1405 173 1436 rat
200 1396 302 1444 (ο).
350 1395 391 1432 Ιη
415 1394 487 1432 alio
512 1394 606 1448 (p)
644 1399 900 1445 experimento
941 1409 987 1434 ex
1019 1394 1107 1436 ficei
1136 1398 1246 1434 etiam
1275 1397 1458 1447 sanguinis
1495 1400 1614 1439 unciis
1649 1413 1722 1445 12,

122 1456 281 1496 obtinuit
308 1453 386 1491 salis
413 1453 572 1491 volatilis
599 1456 723 1493 uncias
753 1455 840 1495 duas
856 1485 866 1500 ,
898 1455 1086 1494 drachmas
1119 1453 1232 1498 duas,
1259 1458 1408 1506 triplum
1441 1467 1537 1497 certe
1562 1459 1696 1511 prioris
1714 1489 1723 1504 ‚

123 1527 204 1565 quae
233 1513 393 1551 enormis
423 1512 514 1549 ratio
554 1511 664 1551 efficit
695 1513 740 1552 ad
776 1515 819 1564 -3—'2
848 1517 959 1553 totius
994 1513 1127 1558 maffae,
1174 1515 1211 1550 &
1244 1516 1351 1553 nimis
1384 1529 1402 1554 a
1427 1518 1541 1566 priori
1573 1519 1727 1558 aberrat.

125 1574 487 1612 Vxssussnmus
535 1572 573 1607 in
602 1569 857 1621 experimento
893 1574 1007 1622 priori
1041 1573 1132 1626 (q)
1174 1584 1220 1610 ex
1249 1576 1366 1612 unciis
1401 1585 1486 1614 100
1518 1576 1699 1625 sanguinis
1720 1606 1732 1624 ‚

128 1633 244 1671 unciis
271 1642 359 1669 vero
395 1629 526 1678 viginti
556 1628 640 1667 ficei
672 1632 840 1677 cruoris,
877 1632 1038 1671 obtinuit
1074 1631 1260 1670 drachmas
1301 1633 1452 1679 decem,
1486 1635 1556 1674 ssve
1586 1636 1610 1685 ς’
1690 1636 1732 1674 In

1584 1660 1633 1685 ¹3·

1660 1697 1731 1735 alio

211 1766 558 1805 (c)V11³UssENs
582 1769 666 1808 praef.
687 1769 741 1801 cit.

214 1812 281 1888 {33
302 1809 392 1840 Bov
407 1819 454 1840 LE
483 1817 610 1847 apparat.
631 1821 662 1849 p.
684 1818 733 1848 34.

299 1850 420 1881 IDEM
441 1848 517 1879 ibid.
533 1860 562 1889 p.
586 1860 633 1888 35.
662 1853 691 1881 8(
716 1853 833 1898 append.
855 1862 885 1892 p.
909 1858 954 1888 18.
974 1852 1215 1899 ‘Rliomboideae
1237 1852 1395 1899 particulae
1421 1853 1453 1885 in
1477 1856 1624 1896 sanguinis
1648 1860 1733 1899 spiri-

134 1902 169 1967 t?
200 1892 341 1964 gruum
364 1889 477 1930 Cofinol.
497 1901 528 1930 p.
552 1901 598 1928 ¹5-
622 1899 669 1923 16.
702 1896 731 1925 <Sc
752 1904 784 1924 m
805 1894 865 1925 sale
883 1895 1004 1926 volatili
1027 1895 1152 1925 huniam
1181 1895 1329 1933 languinis
1361 1895 1415 1925 Bo
1432 1905 1451 1926 Y
1466 1907 1516 1928 ιε
1544 1901 1634 1931 Chem.
1649 1901 1733 1942 scept.

218 1973 278 2011 (s)
300 1973 424 2003 IDEM
446 1979 572 2011 apparat.
597 1984 626 2012 p.
652 1983 719 2012 155.

220 2015 283 2052 (ξ)
302 2015 430 2052 Append.
450 2014 508 2053 hist.
522 2012 606 2053 fimg.
627 2025 657 2053 p.
685 2026 731 2051 34.

273 2055 449 2093 >GREw
480 2055 500 2084 1.
519 2066 544 2085 c.
566 2066 595 2094 p.
619 2065 686 2094 251.
711 2062 782 2093 252:

270 2096 461 2133 >Boua
495 2102 621 2134 apparat.
648 2107 679 2135 p.
705 2105 752 2134 3¹-

269 2139 286 2215 ))
307 2138 326 2167 l.
341 2147 367 2168 c.
390 2147 419 2176 p.
441 2144 511 2173 763.

249 2220 303 2256 m)
323 2231 354 2258 p.
381 2227 450 2249 106.

254 2263 298 2295 n)
319 2261 457 2298 Apparat.
480 2271 509 2300 p.
534 2270 579 2301 ςο,

255 2301 294 2334 ο)
315 2301 391 2331 Ibid.
409 2312 438 2340 p.
461 2305 511 2337 46.

229 2341 285 2376 (e)
314 2342 443 2379 Appenni,
457 2354 486 2382 p.
506 2354 533 2381 ς.

231 2384 298 2420 (ᾳ)
319 2391 350 2421 p·
373 2388 420 2417 28-

213 2461 361 2507 Haller
391 2462 601 2525 Phyfiolog.
650 2466 758 2507 Tom.
787 2464 844 2507 II.
1295 2471 1334 2510 O
