1968 2706
318 197 402 238 344
525 173 1103 226 LIB.V1.SECT.IV.
1157 184 1426 225 SANomNJs
1466 184 1555 225 PER
1603 186 1761 228 VENAS

396 273 507 320 vMihi
536 283 687 332 quidem
711 294 764 319 res
793 282 913 320 multo
937 281 1138 331 simplicior
1161 281 1313 318 videtur·
1350 281 1391 319 In
1426 280 1606 320 sodalibus
1631 287 1838 324 arteriarum
1873 297 1941 324 ve-.

317 343 374 381 nis
408 342 619 392 sanguinem
645 343 685 379 in
715 354 754 379 ea
778 341 851 379 fere
877 341 1185 379 ratione-lentius
1211 340 1323 379 fluere
1355 340 1492 393 reperi,
1527 354 1606 391 quae
1635 343 1768 382 inversa
1794 346 1841 383 est
1868 345 1926 384 lu-

314 403 481 445 minum,
508 401 619 451 paulo
642 402 764 439 minor
796 413 930 451 nempe
957 413 1068 451 quam
1087 401 1265 452 subdupla
1295 402 1385 449 (a).
1435 401 1476 438 In
1502 403 1601 439 venis
1625 405 1722 440 cavis
1742 405 1843 442 cordi
1869 406 1918 442 in-

315 461 424 499 missis
459 473 536 499 non
563 461 714 499 dubium
740 459 789 498 est
806 490 816 505 ,
847 462 934 511 quin
960 473 999 499 ea
1023 462 1114 498 ratio
1135 459 1298 509 legitima
1324 461 1374 498 fit.
1408 460 1542 511 Neque
1568 463 1666 498 enim
1686 492 1696 506 ,
1720 470 1761 500 ut
1778 463 1821 501 ad
1844 464 1924 501 fim-

317 522 474 571 pliciora
503 515 609 559 unius
639 520 829 559 ventriculi
856 521 967 559 corda
994 521 1176 558 calculum
1202 521 1395 559 referamus
1413 549 1422 563 ,
1460 521 1661 571 quidquam
1703 529 1801 560 aorta
1838 524 1923 561 edu-

321 592 404 617 cere
432 581 552 630 potest
573 610 582 624 ‚
602 580 705 630 quod
736 594 754 618 a
776 582 875 617 venis
895 581 988 619 cavis
1022 592 1099 618 non
1124 581 1274 632 accepit.
1322 580 1358 617 Si
1383 592 1470 628 ergo
1489 592 1554 630 per
1572 593 1629 618 eas
1657 593 1762 619 venas
1785 582 1930 631 sanguis

320 636 453 677 lentius
478 639 581 683 fluit,
605 640 714 677 debet
737 641 765 677 is
788 641 906 678 lentor
930 647 1095 678 accurate
1116 652 1180 690 per
1198 652 1371 679 venarum
1389 641 1502 687 majus
1519 638 1644 680 lumen
1671 642 1920 689 compensari,

319 700 352 736 ἃ
381 699 404 735 s1
437 701 529 740 ratio
559 701 709 737 lentoris
728 701 843 747 major
860 700 956 737 foret
973 729 981 744 ,
1000 712 1108 750 quam
1128 701 1186 736 im
1197 700 1269 739 ersa
1288 700 1471 737 luminum
1493 700 1585 737 ratio
1602 728 1610 742 ‚
1627 702 1808 738 minorem
1825 709 1921 739 certe

318 761 464 808 copiam
494 767 592 797 aorta
622 761 823 808 acciperet,
844 761 878 797 Sc
904 772 989 798 cum
1024 772 1063 797 ea
1091 759 1292 797 differentia
1321 758 1466 808 smgulis
1492 757 1649 808 pulfibus
1676 767 1923 808 repeteretur,

317 819 409 856 intra
438 819 545 856 breve
574 827 717 868 tenipus
748 818 840 856 fleca
868 820 973 857 foret.
1037 819 1161 865 Quare
1194 827 1234 857 ut
1264 819 1486 857 celeritatem
1523 820 1561 856 in
1595 819 1760 857 nascente
1793 830 1890 858 aorta
1909 850 1917 862 ‚

317 890 404 916 cum
433 878 615 916 celeritate
647 881 683 914 in
712 880 811 916 venis
837 880 930 917 cavis
957 890 1213 930 compare-mus
1230 908 1240 922 ,
1271 877 1401 916 sufficit
1428 877 1647 927 comparasse
1673 879 1819 917 lumina.
1884 881 1923 918 Si

317 950 357 975 ea
387 940 478 975 ratio
507 938 556 974 est
585 950 628 975 11
661 937 704 975 ad
735 951 756 984 9
790 948 850 976 aut
881 946 1018 985 10677
1044 938 1099 975 ‘ad
1132 950 1273 985 91027
1305 933 1413 987 (b).
1439 937 1601 976 celeritas
1627 938 1748 975 venosi
1772 939 1921 987 sangui-

318 999 371 1034 nis
401 997 443 1034 ad
477 997 685 1034 arteriosum
711 999 779 1036 erit
811 1000 863 1035 uti
890 1005 936 1042 81
976 997 1021 1035 ad
1067 1010 1159 1035 121.
1208 997 1244 1035 Si
1289 999 1446 1036 rationes
1475 997 1556 1035 sunt
1593 1009 1613 1036 2
1638 998 1682 1035 ad
1714 1009 1729 1035 1
1758 1009 1798 1036 ut
1825 999 1921 1047 apud

317 1056 419 1094 TAB
436 1068 493 1093 oa
511 1068 532 1094 U
550 1069 578 1093 Μ
605 1054 717 1107 (c),
742 1065 864 1095 motus
908 1070 971 1107 per
1011 1069 1089 1095 eam
1118 1070 1247 1096 venam
1282 1065 1447 1097 accurate
1483 1057 1599 1108 duplo
1635 1057 1770 1095 lentior
1806 1060 1873 1095 erit
1904 1088 1912 1101 ‚

315 1127 424 1164 quam
447 1128 511 1165 per
536 1123 688 1154 aortam.
733 1117 769 1154 Si
803 1119 960 1155 rationes
992 1116 1175 1155 luminum
1202 1119 1282 1155 sunt
1304 1119 1356 1155 uti
1389 1122 1502 1164 3476
1538 1116 1573 1152 &
1597 1117 1708 1167 8177‘
1728 1145 1738 1160 ,
1771 1129 1850 1166 (με
1874 1130 1922 1156 ex

314 1175 371 1213 W
387 1188 469 1214 JNT
484 1189 506 1214 R
521 1188 532 1212 1
547 1187 680 1213 NGHA
699 1188 726 1213 Μ
745 1187 779 1213 ia
795 1189 820 1214 N
835 1190 846 1214 1
860 1188 876 1215 s
898 1175 1072 1214 mensuris
1108 1176 1268 1227 sequitur
1291 1173 1383 1224 (d)
1402 1206 1410 1220 ,
1430 1175 1592 1214 celeritas
1623 1183 1732 1213 aortae
1758 1178 1824 1214 erit
1847 1177 1921 1215 sere

312 1243 354 1273 ut
391 1240 443 1276 82
465 1265 474 1279 ‚
507 1247 605 1272 venae
636 1248 729 1273 cavae
762 1243 801 1273 ut
840 1248 885 1281 35
909 1265 917 1278 ‚
945 1237 1068 1274 minor
1097 1249 1185 1286 ergo
1209 1249 1318 1285 quam
1351 1235 1540 1284 subdupla.
1603 1234 1639 1271 Si
1670 1246 1719 1272 ex
1748 1236 1919 1273 mensuris

314 1295 368 1333 cl.
397 1295 460 1334 Bo
475 1305 516 1333 is
532 1307 605 1332 sxa
621 1309 641 1333 a
664 1296 684 1343 (
703 1295 753 1343 e)
786 1304 886 1333 aorta
910 1296 1091 1334 luminum
1113 1296 1396 1344 conjuntiorum
1413 1296 1598 1343 uniusque
1624 1305 1717 1332 cavae
1744 1295 1919 1344 subtripla

312 1355 362 1392 est
381 1384 391 1397 ,
411 1353 574 1394 celeritas
593 1355 728 1392 inversa
747 1367 914 1393 cavarum
928 1367 1101 1392 venarum
1123 1356 1158 1392 ἃ
1178 1356 1249 1408 ipsa
1265 1355 1436 1407 subtripla
1455 1355 1532 1392 erit.
1557 1352 1594 1390 Si
1611 1365 1656 1391 ex
1675 1356 1761 1392 meis
1777 1354 1918 1392 mensu-

310 1415 356 1451 ris
383 1414 573 1462 conjuneca
594 1426 765 1453 venarum
797 1426 963 1452 cavarum
987 1415 1122 1452 lumina
1142 1416 1185 1452 ad
1213 1423 1351 1453 aortam
1372 1415 1454 1452 sunt
1471 1415 1522 1452 uti
1553 1425 1663 1459 5030
1679 1426 1696 1450 a
1722 1414 1766 1451 ad
1790 1422 1915 1462 1600,

310 1475 442 1511 iterum
477 1474 636 1512 celeritas
666 1477 702 1512 in
732 1487 820 1512 vena
849 1487 932 1512 cava
960 1475 1146 1524 aliquanto
1179 1477 1294 1523 major
1321 1486 1428 1524 quain
1447 1472 1630 1522 subdupla
1671 1474 1745 1511 erit.
1828 1473 1912 1511 Dia..

309 1540 446 1571 metros
475 1535 572 1571 enim
599 1535 717 1584 reperi
747 1535 783 1571 in
822 1546 911 1572 vena
934 1546 1018 1572 cava
1050 1534 1223 1585 superiori
1266 1544 1329 1581 37.
1375 1535 1412 1570 in
1446 1533 1610 1569 inferiori
1651 1544 1711 1584 57.
1749 1533 1784 1569 in
1816 1542 1916 1571 aorta

308 1592 353 1630 ad
377 1605 442 1631 cor
469 1606 539 1640 40.
566 1601 658 1632 cent.
693 1594 781 1643 poll.
806 1595 841 1631 §.i
860 1623 869 1638 ,
897 1602 935 1631 ut
968 1596 1005 1631 in
1034 1592 1106 1631 alio
1133 1594 1307 1643 exemplo
1332 1594 1434 1640 vidi,
1461 1591 1652 1640 conjuncta
1680 1593 1818 1629 lumina
1853 1604 1914 1629 ve-

306 1664 436 1690 narum
463 1653 508 1691 ad
538 1660 646 1691 aortae
672 1653 796 1691 lumen
831 1654 977 1691 fuerunt
1000 1655 1053 1691 uti
1095 1663 1150 1704 24
1181 1653 1224 1691 ad
1255 1665 1294 1707 9.
1326 1661 1414 1691 tunc
1439 1652 1611 1689 velocitas
1642 1651 1773 1688 venosa
1795 1652 1836 1689 ad
1861 1664 1914 1688 ar-

305 1712 472 1749 teriosam
502 1714 569 1749 erit
601 1714 651 1750 ufi
685 1727 706 1757 9
740 1713 783 1750 ad
809 1725 872 1760 24.
923 1713 1037 1762 Supra
1063 1725 1141 1750 eam
1177 1713 1380 1750 mensuram
1414 1710 1615 1748 differentia
1647 1723 1724 1748 non
1755 1711 1912 1748 multum

304 1772 445 1819 evagari
469 1771 589 1820 potest
608 1800 617 1813 ‚
651 1784 735 1809 cum
759 1784 928 1820 praeterea
961 1784 1059 1808 venae
1084 1784 1101 1808 a
1124 1784 1202 1809 cera
1230 1773 1344 1819 longe
1365 1772 1479 1818 magis
1512 1770 1617 1819 super
1647 1770 1809 1806 nativum
1831 1783 1911 1806 mo-

303 1830 434 1868 dulum
467 1829 712 1868 distendantur
745 1843 854 1881 quam
887 1833 1050 1874 arteriae,
1085 1830 1213 1880 easque
1254 1833 1290 1867 in
1325 1831 1395 1867 vita
1421 1830 1582 1865 minores
1616 1828 1683 1865 esse
1719 1829 1910 1877 probabile

299 1890 368 1928 fiat.

388 1947 557 1987 Omnino
589 1960 678 1997 ergo
709 1961 785 1987 non
824 1946 1010 2001 pensitatis
1044 1949 1150 1987 rebus
1194 1961 1312 1998 nuper
1342 1948 1396 1987 Cl.
1435 1948 1512 1984 viro
1544 1945 1710 1989 excidit,
1748 1946 1911 1994 sanguini

303 2010 346 2046 ad
376 2020 441 2046 cor
471 2009 635 2046 redeunti
662 2011 723 2046 xix
763 2009 943 2048 decimam
975 2016 1114 2058 partem
1139 2009 1323 2047 momenti
1354 2006 1550 2057 supereffe,
1575 2006 1677 2056 quod
1704 2008 1741 2042 in
1771 2015 1911 2044 aortam

299 2071 414 2111 exiit,
451 2069 483 2104 ἃ
516 2081 650 2106 roveui
683 2069 845 2108 decimas
878 2071 953 2117 ejus
992 2070 1171 2106 momenti
1199 2070 1236 2106 in
1267 2067 1416 2106 transitu
1445 2078 1510 2116 per
1549 2077 1613 2102 cor
1642 2066 1676 2102 ἃ
1713 2066 1775 2114 pul
1783 2078 1908 2103 nones

1765 2127 1901 2175 ac'lmm

472 2244 574 2274 Scomi
595 2244 639 2275 Jw'
626 2255 688 2273 em.
716 2242 761 2274 [ὶιν
782 2245 805 2274 le
826 2253 920 2276 mour.
924 2246 989 2274 riu
1004 2242 1078 2284 ,li-ng
1103 2253 1170 2283 exp
1196 2252 1262 2279 124.
1289 2251 1393 2280 ccmp.
1417 2250 1485 2271 cum
1509 2245 1576 2272 128

416 2295 422 2309 >
473 2287 519 2314 §A
535 2293 589 2314 NT
605 2295 656 2315 oz·
668 2296 713 2314 ιη
749 2284 802 2324 ols.
825 2294 902 2316 anat.
930 2296 955 2317 c.
984 2293 1062 2317 8.11.
1088 2296 1110 2325 3
1131 2284 1305 2316 reformatis
1331 2282 1484 2318 numeris,
1500 2283 1552 2320 qui
1580 2280 1775 2312 viriolabort
1772 2286 1825 2311 1.th

410 2244 450 2278 a)

406 2286 415 2313 ί
433 2285 444 2316 Ἰ

404 2327 444 2360 c)
464 2337 491 2364 p.
519 2334 582 2356 τοῦ.

405 2368 451 2402 d)
474 2369 490 2397 l
515 2378 540 2396 ι.
566 2367 643 2407 Exp.
668 2377 714 2406 33.
740 2369 771 2397 in
794 2370 886 2399 bruto
923 2379 969 2398 an·
966 2369 1083 2400 wale:
1099 2369 1149 2401 sed
1167 2378 1239 2399 xcii
1247 2378 1277 2399 m
1304 2376 1374 2399 cave
1382 2376 1413 2398 m
1437 2366 1535 2407 supeii
1541 2374 1626 2397 orem
1645 2362 1734 2395 nimis
1759 2361 1907 2403 gsflfldcm

293 2406 392 2437 facit
404 2410 431 2436 ἅν
455 2416 539 2438 emta
567 2419 594 2438 m
600 2419 716 2446 ajfflem
737 2432 746 2445 ‚
778 2419 843 2449 quae
865 2420 895 2440 n
900 2420 966 2441 1101
986 2411 1029 2441 stt.

379 2452 440 2485 (c
465 2450 604 2489 Iffilwswlrg
608 2462 660 2490 .p.
683 2459 732 2490 ·5‚
