1968 2706
545 144 790 189 MOTUS
834 138 1248 184 LAI'ERALIS.v
1648 151 1737 196 229⁴

102 248 157 288 uti
183 243 211 297 4
239 245 283 285 ad
311 255 328 291 3
365 237 462 297 (r).
525 242 667 284 Verum
704 255 752 282 ex
788 240 899 279 corde
931 240 1145 289 sanguinem
1175 244 1274 277 tanta
1307 235 1500 277 velocitate
1530 239 1680 289 prodire
1709 269 1720 285 ,

102 315 143 347 ut
170 319 216 344 ex
243 305 321 356 ipso
349 302 511 342 thalamo
545 315 630 342 cum
662 302 844 340 celeritate
873 298 1031 350 prosiliat
1060 327 1069 342 ,
1097 310 1175 349 quae
1208 297 1251 336 fit
1288 298 1333 336 ad
1365 299 1598 337 velocitatem
1627 299 1723 339 ultra

102 366 260 405 valvulas
291 364 540 412 superstitem,
576 364 629 400 uti
661 373 677 407 3
704 361 748 398 ad
791 371 806 398 1
852 360 945 407 (s),
994 358 1141 396 Deinde
1173 359 1210 395 in
1246 360 1382 396 arteriis
1410 358 1619 397 universum
1643 359 1722 398 san-

101 429 253 476 guinem
289 435 454 474 nupera
481 421 601 460 cordis
623 420 747 470 systole
772 420 964 468 expullum
988 419 1172 456 celeritate
1196 417 1281 454 ferri
1298 446 1308 461 ‚
1334 430 1415 469 quae
1442 417 1484 455 fit
1507 418 1552 456 ad
1580 415 1724 468 sangui->

101 488 154 523 nis
181 488 218 522 in
242 483 312 521 fine
341 481 484 530 systoles
522 482 732 519 arteriarum
773 480 866 516 moti
897 479 1147 520 celeritatem,
1166 478 1220 514 uti
1254 488 1270 522 3
1306 480 1349 515 ad
1384 489 1407 516 2
1435 477 1529 526 (t).
1586 478 1638 516 lta
1672 490 1719 517 ex

101 545 242 583 theoria
266 544 318 580 vir
335 541 429 580 Clar.
456 540 513 577 sed
539 543 647 580 etiam
671 540 762 579 olim
789 532 955 592 Jacobzcs
981 536 1046 576 ΚΕ
1064 549 1111 574 1L
1133 535 1315 585 sanguinis
1342 538 1378 574 in
1404 538 1500 576 unda
1518 539 1632 588 priori
1661 551 1719 577 ce-

99 605 280 642 leritatem
312 601 498 637 aestimavit
526 608 565 638 ut
602 607 662 649 15.
726 599 922 647 Sanguinis
960 609 1047 634 vero
1088 608 1152 645 per
1196 608 1304 633 venas
1336 596 1521 634 redeuntis
1549 598 1719 636 celerita-

100 671 172 701 tem
193 691 203 706 ,
237 673 345 712 quam
366 660 493 698 habuit
519 672 586 711 pro
618 659 812 697 velocitate
847 659 953 696 undae
978 668 1125 706 nuperae
1157 656 1200 693 ab
1231 655 1326 693 unda
1353 659 1468 705 priori
1500 658 1712 702 retardatae,

96 722 184 760 fecit
211 729 250 759 ut
282 725 301 757 6
334 715 425 770 (ιι)
445 748 453 762 ,
471 731 551 768 quae
577 731 662 757 curn
690 719 871 767 prioribus
889 728 1078 766 utcunque
1101 715 1348 754 consentiunt.
1416 715 1532 754 Nobis
1560 719 1657 754 enim
1678 718 1717 755 &

97 782 202 818 saltus
227 780 406 829 sanguinis
429 781 597 816 vivorum
627 779 841 816 animalium
859 807 867 822 ,
883 779 918 815 δε
938 786 1059 814 motus
1083 787 1147 824 per
1167 776 1310 813 arterias
1334 775 1607 819 mesentericas‚
1626 788 1716 828 pau-

96 841 134 878 lo
162 841 228 878 alia
262 840 441 877 dederunt
473 838 695 885 corollaria,
727 838 762 874 ἃ
792 839 831 874 in
861 838 933 875 istis
967 836 1119 886 quidem
1144 836 1307 878 arteriis,
1338 846 1423 872 cum
1455 834 1716 887 impulfionem

97 900 226 938 oculus
256 911 330 937 non
361 897 580 945 distinguat,
607 909 685 935 non
713 897 854 934 videtur
876 909 916 935 ea
943 897 1087 934 ratione
1115 894 1220 933 undae
1251 905 1398 944 nuperae
1433 895 1624 933 celeritatis
1651 908 1713 934 an-

96 958 237 997 terioris
269 957 507 996 velocitatem
535 957 724 1006 superare,
759 968 838 1007 quae
872 955 914 994 fit
949 956 1003 993 uti
1039 967 1056 1000 3
1090 955 1135 992 ad
1165 965 1202 992 2.
1235 961 1370 993 tantam
1398 956 1497 992 enim
1533 954 1715 994 diverfita-

94 1026 167 1056 tem
194 1031 270 1056 non
294 1017 436 1054 videtur
467 1016 565 1054 oculi
597 1017 753 1054 accurati
784 1014 924 1054 sensum
950 1014 1110 1062 effugere
1146 1013 1256 1064 poffe.
1306 1015 1442 1064 Neque
1477 1022 1598 1054 tamen
1627 1027 1715 1064 prae--

95 1081 259 1117 termitto
279 1105 287 1116 ,
313 1077 356 1115 ab
381 1076 537 1120 menie,
567 1089 653 1127 quas
676 1075 764 1113 solas
797 1076 909 1113 oculo
950 1080 1089 1113 armato
1117 1074 1386 1123 contemplatus
1411 1074 1488 1113 sum
1514 1104 1522 1118 ,
1555 1074 1711 1124 systolen

17 1110 19 1112 -
62 1132 65 1134 ’
96 1138 131 1175 &
172 1137 348 1177 diastolen
385 1134 510 1176 abeffe‚

611 1257 644 1298 ᾗ.
690 1251 754 1293 IV.
803 1247 946 1304 Prqffio
982 1246 1021 1290 in
1068 1246 1206 1291 latera„

394 1408 397 1410 .
435 1367 604 1412 Arteria
652 1368 691 1411 in
748 1367 1033 1429 longitudinem
1077 1365 1352 1425 exporrigitur.

175 1490 281 1532 Hanc
310 1505 410 1531 nunc
438 1490 699 1542 impulsionem
718 1490 958 1533 dimittimus,
983 1499 1063 1539 quae
1089 1489 1134 1527 ad
1167 1496 1309 1528 motum
1332 1489 1596 1539 progreffivum
1619 1505 1707 1544 per..

91 1553 191 1590 tinet.
241 1554 312 1591 Sed
339 1553 399 1590 alii
429 1552 510 1589 sunt
537 1550 680 1588 effeetus
712 1551 894 1598 sanguinis
921 1562 967 1586 ex
1000 1549 1113 1586 corde
1144 1551 1181 1587 in
1212 1551 1355 1587 arterias
1381 1550 1526 1598 injee'ti,
1559 1563 1706 1591 eorum.

88 1624 159 1660 que
186 1611 463 1661 simplicissimus
490 1611 564 1653 est,
593 1606 727 1647 arteriae
757 1609 952 1658 produffio
986 1606 1024 1644 in
1054 1611 1232 1658 niaJ'orem
1270 1609 1552 1657 longitudinem.
1615 1610 1706 1651 Eam

87 1672 126 1707 in
158 1673 262 1710 omni
292 1671 397 1721 pulsu
415 1699 425 1714 ,
446 1669 526 1707 .five
558 1669 667 1717 ligata
695 1667 806 1706 fuerit
834 1669 961 1706 arteria
995 1666 1113 1716 (oc),
1145 1667 1215 1706 five
1237 1668 1366 1707 resecta
1399 1669 1479 1719 (y)
1504 1694 1517 1713 ,
1543 1668 1615 1708 five
1639 1671 1705 1711 fle-

87 1741 133 1767 xa
152 1729 268 1780 (Z),
306 1731 434 1769 oculus
472 1731 508 1766 in
538 1730 625 1766 vivis
654 1727 868 1766 animalibus
909 1727 946 1764 &
984 1728 1198 1766 hominibus
1223 1727 1428 1767 confirmat.
1487 1728 1533 1765 In
1564 1728 1706 1779 singula

87 1801 222 1841 nempe
251 1791 372 1830 cordis
404 1788 653 1828 contratiione
684 1788 812 1825 arteria
839 1786 991 1836 longior
1022 1788 1089 1831 fit,
1122 1794 1229 1838 atque
1247 1815 1257 1830 ,
1285 1786 1311 1824 fi
1340 1787 1433 1828 flexa
1464 1787 1601 1838 fuerit,
1621 1803 1704 1840 pars

994 1845 1022 1885 F
1047 1847 1066 1885 f
1126 1857 1144 1892 3
1587 1854 1706 1899 prima

169 1964 183 2000 (
197 1965 238 2001 r)
261 1967 392 1998 Memde
407 1964 524 1996 l'Acad.
545 1964 578 1993 de
590 1963 684 1994 Berlin
700 1971 788 2000 1755A
804 1966 887 2003 p.38.
909 1959 1120 2002 Typographi
1134 1969 1270 1992 errorem
1282 1958 1339 1991 effe
1354 1960 1558 1995 crediderim,
1575 1962 1698 2002 quando

85 2006 205 2036 numeri
225 2006 272 2036 isti
291 2013 448 2045 ponuntur
479 2017 491 2035 2
517 2006 557 2035 ad
579 2017 606 2039 4-
644 2001 810 2043 Nunquam
834 2004 917 2035 enim
939 2004 985 2035 vis
1007 2013 1090 2034 nova
1110 2026 1118 2039 ,
1141 2004 1226 2041 cujus
1251 2002 1390 2033 celeritas
1411 2002 1482 2035 esset
1504 2010 1539 2035 ut
1558 2013 1571 2043 3
1593 2004 1694 2036 adtin-

85 2053 175 2086 geret
195 2049 386 2079 celeritatem
407 2048 543 2087 priorem
556 2066 564 2079 ‚
587 2055 653 2085 quae
681 2045 753 2075 esset
771 2053 806 2076 ut
832 2056 861 2082 4.

169 2090 234 2126 (s)
258 2101 288 2130 p.
323 2102 369 2127 39·
395 2091 434 2120 ob
456 2094 550 2122 aortae
571 2089 718 2120 latescens
740 2088 859 2119 lumen.

169 2130 232 2166 (t)
258 2142 288 2170 p.
319 2142 368 2167 40.

167 2171 244 2207 (u)
266 2175 310 2204 De
332 2174 362 2201 vi
386 2169 476 2198 cordis
513 2180 542 2208 p.
572 2182 618 2209 54.

167 2211 237 2249 (x)
265 2214 367 2245 Second
392 2211 487 2242 sidem.
502 2210 558 2250 fitr
569 2214 593 2242 le
610 2221 704 2242 moun.
730 2211 771 2241 du
784 2209 871 2250 fimg.
902 2210 980 2250 Exp.
1009 2216 1058 2249 47³.
1079 2216 1126 2246 48.
1159 2212 1209 2249 572

165 2252 179 2286 (
192 2262 210 2284 ‘v
224 2255 236 2290 )
251 2254 290 2284 In
312 2252 432 2294 fingulo
459 2253 544 2290 pulsu
569 2255 711 2285 arteriam
732 2254 880 2284 resectam
906 2253 944 2283 <le
958 2252 1084 2283 vulnere
1107 2252 1242 2282 eminere
1261 2248 1341 2283 vidit
1364 2249 1505 2282 Gerardus
1522 2260 1553 2281 v.
1568 2248 1586 2279 S
1600 2260 1636 2280 w
1647 2259 1659 2279 1
1671 2259 1700 2279 ι-

86 2302 110 2323 τ
125 2303 142 2323 Ε
158 2303 179 2322 N
210 2297 354 2325 Comment
373 2297 404 2324 in
434 2293 455 2321 Β
470 2304 489 2323 o
504 2304 594 2326 ERH.
619 2294 661 2326 T.
684 2294 725 2324 11.
751 2306 782 2335 p.
805 2301 853 2329 75.

171 2335 241 2374 (z)
265 2338 368 2369 Second
389 2336 482 2367 Mem.
506 2335 585 2375 Exp.
622 2343 672 2371 46⁴
703 2342 749 2373 525.
782 2336 869 2376 Jqlias
901 2345 968 2368 we
983 2343 1057 2367 xire
1072 2344 1151 2370 luc
1167 2344 1188 2367 rx
1204 2342 1229 2366 τ·
1263 2336 1368 2364 Comm.
1418 2335 1529 2371 Petrop.
1559 2332 1601 2366 T.
1628 2328 1701 2364 VH-

86 2383 116 2412 P·
141 2385 207 2413 317-
