1968 2706
271 195 363 233 432„
647 173 785 222 LIB.
840 173 972 220 VH.
1020 166 1217 237 SEC‘IZ
1253 179 1351 222 IIL
1399 182 1639 226 cAu-SAE

855 307 890 350 ς.
938 300 1022 342 ΙΧ.
1081 296 1339 354 ΟΖῄεέῖἱοῑιες..

359 427 447 466 Non
476 423 562 462 ideo
590 416 818 460 diffirnulaffe
851 429 1003 470 oportet
1024 451 1034 466 ‚
1065 425 1162 461 varia
1195 428 1324 462 contra
1356 423 1584 475 hypothesin.
1605 425 1718 472 objici
1748 424 1888 476 posse'j

268 482 349 538 qua}
367 488 410 523 ab
430 484 639 523 osculorum
672 480 951 520 secretoriorum
973 482 1119 521 diverfis
1137 483 1338 521 luminibus
1372 485 1638 534 separationem
1665 488 1885 526 diversorum

271 551 470 588 humorum
504 544 664 583 deducit.
712 542 947 592 Primumque
979 543 1137 581 dubitari
1159 543 1416 595 poffit'‚›num
1440 547 1597 583 omnino
1628 547 1763 584 diversa
1781 549 1888 596 parti-

270 609 433 647 cularum
464 603 682 653 magnitudo
699 601 763 645 fit,
797 615 876 652 quae
905 603 1063 640 diversos
1086 603 1238 641 humani
1261 606 1429 653 corporiS
1448 604 1624 643 humores
1645 607 1883 646 constituunt.

267 667 326 707 De
366 665 527 716 globulis
559 664 673 700 rubris
704 663 815 699 credo
859 663 1048 708 constare,
1073 663 1170 700 forte
1213 664 1323 701 etiam
1361 664 1407 702 de
1436 663 1554 702 laneis
1581 665 1744 713 globulis
1770 696 1780 711 ,
1814 666 1884 705 effe

269 729 467 767 maximas,
496 722 656 772 solasque
678 722 891 770 conspicuas
917 724 1103 771 sanguinis
1124 723 1301 771 glebulas.
1350 724 1424 761 bed
1439 724 1485 761 de
1511 724 1628 775 adipis
1644 738 1740 764 certe
1756 752 1769 771 ‚
1786 727 1885 775 lym-

265 789 348 843 phae
364 816 373 830 ‚
408 782 510 822 muci
525 810 536 831 ‚
562 783 697 825 salivae,
722 782 858 827 urinae,
877 783 1049 821 lacrumae
1073 783 1282 834 particulis,
1302 783 1446 822 nullum
1475 787 1773 832 experimentum
1795 798 1881 835 pro-

265 849 435 888 ducitur,
469 846 504 882 &
549 855 594 880 ne
631 841 780 891 quidem
814 843 970 890 produci
1009 843 1136 891 potest.
1202 842 1423 882 Crassiorum
1453 843 1656 883 humorum
1700 845 1880 885 elementa

264 908 347 946 sunt
369 906 431 955 qui
463 902 568 941 crassa
592 902 748 945 faciant,
773 902 854 939 sunt
881 905 944 952 qui
967 904 1090 940 tenuia
1119 896 1198 954 (f)
1222 931 1238 945 ,,
1267 905 1360 940 adeo
1384 904 1520 942 incerta
1541 917 1598 943 res
1625 905 1685 943 est.
1748 905 1882 955 Neque

262 968 342 1006 haec
372 963 506 1002 diversa
532 961 752 1010 magnitudo
783 962 976 1000 discrimen
1003 956 1360 1014 cha-racJeristicum
1382 963 1582 1001 humorum
1612 965 1804 1004 exhaurire
1833 968 1883 1003 vi-

261 1028 387 1069 detur,
419 1023 522 1074 quod
555 1015 668 1065 facit,
697 1028 736 1059 ut
769 1021 818 1060 sui
846 1023 885 1059 in
923 1022 1096 1060 omnibus
1122 1022 1337 1061 hominibus
1365 1021 1494 1061 ssmiles
1520 1053 1531 1067 ,
1561 1025 1718 1064 aliorum
1746 1026 1879 1065 humo-

258 1099 341 1126 rum
377 1083 559 1123 diffimiles
590 1080 668 1119 fint.
718 1080 836 1119 Iidem
871 1082 968 1121 lastis
1009 1081 1155 1131 globuli
1195 1082 1284 1120 dum
1320 1091 1511 1126 recentes,
1533 1084 1657 1122 dulces
1681 1085 1795 1129 sunt,
1821 1086 1877 1124 di-

258 1144 441 1185 verfiffimi
468 1156 487 1182 a
517 1141 635 1194 seipsis
652 1167 665 1187 ‚
689 1141 882 1193 postquam
906 1155 973 1195 per
997 1142 1197 1182 circuitum
1212 1141 1303 1196 saepe
1333 1143 1504 1182 iteratum
1537 1146 1779 1184 acrimoniam
1820 1147 1876 1183 in-

256 1206 416 1246 duerunt
447 1201 643 1242 rancidam.

346 1264 487 1304 Verum
502 1265 639 1306 altera,
657 1263 783 1301 multo
790 1262 957 1308 severior,
979 1264 1139 1313 objeffio
1153 1263 1332 1314 superest,
1351 1258 1462 1314 quam
1478 1259 1872 1318 GeorgiusMARTiNs

254 1325 450 1377 proposuit
477 1325 493 1373 (
507 1335 537 1378 g
556 1324 601 1371 ),
634 1317 862 1376 Francifcus
881 1323 996 1368 Bois
1014 1336 1086 1362 8113
1099 1336 1122 1362 R
1140 1322 1331 1363 dissolvere
1347 1331 1500 1362 conatus
1521 1325 1572 1362 est
1598 1326 1615 1372 (
1630 1320 1653 1362 h
1672 1325 1733 1371 ).
1756 1316 1871 1364 Nem-

253 1398 301 1436 pe
326 1388 362 1424 in
392 1385 607 1423 animalibus
633 1381 907 1431 grandiffimis‚
944 1384 1059 1434 qualis
1090 1382 1237 1433 elephas
1267 1384 1351 1428 est,
1397 1385 1434 1421 δι
1459 1383 1725 1428 minutiffimis,
1760 1392 1800 1423 ut
1827 1387 1869 1423 in

251 1457 356 1484 mure
382 1455 393 1484 τ
423 1443 555 1482 deinde
577 1439 617 1481 in
645 1443 801 1480 homine
825 1443 952 1483 adulto
974 1472 985 1488 ,
1016 1445 1054 1483 &
1093 1444 1133 1481 in
1162 1444 1297 1482 eodem
1334 1455 1453 1495 puero
1482 1473 1493 1488 ‚
1535 1457 1602 1496 per
1636 1442 1763 1482 fimilia
1803 1445 1869 1482 vis-

250 1516 331 1542 cera
362 1503 493 1542 similes
525 1503 698 1541 humores
733 1513 957 1551 generantur
980 1529 992 1551 ,
1036 1503 1190 1552 bilisque
1211 1529 1222 1548 ,
1254 1505 1291 1540 in
1322 1503 1529 1552 exemplo.
1565 1504 1699 1542 horum
1730 1507 1866 1544 anima-

248 1564 349 1602 lium·
386 1564 657 1612 hominumque
692 1563 821 1601 eadem
864 1565 942 1607 est,
980 1575 1113 1612 easque
1150 1564 1255 1601 dotes
1286 1563 1396 1601 habet
1426 1589 1438 1608 ‚
1474 1576 1556 1613 quae
1582 1556 1663 1602 bilis
1690 1563 1866 1613 charadie-

248 1635 324 1662 rem
352 1626 389 1666 in
413 1624 617 1663 uuiversum
636 1625 903 1672 ingrediuntur.
970 1624 1081 1662 Nunc
1106 1635 1219 1673 porro
1243 1625 1365 1660 trunci
1399 1623 1560 1661 arteriofi
1593 1614 1805 1679 quicunque
1825 1637 1864 1662 a·

244 1684 338 1724 dulti
364 1685 526 1723 hominis
560 1684 690 1732 procul
718 1683 833 1722 dubio
856 1684 1045 1723 multoties
1076 1685 1229 1731 majores
1257 1682 1341 1720 sunt
1368 1681 1494 1720 iisdem
1530 1677 1691 1732 analogis
1725 1684 1863 1722 truncis

244 1745 279 1782 in
311 1758 426 1793 puero
448 1774 457 1788 ,
485 1746 520 1781 Sc
548 1755 638 1780 vena
664 1752 854 1792 portarum
880 1744 1048 1791 hepatica
1072 1745 1136 1780 viri
1166 1754 1276 1791 quam
1308 1743 1411 1790 pueri
1449 1741 1615 1790 hepatica
1655 1754 1743 1779 vena
1786 1755 1864 1780 ma·

243 1806 296 1849 jor
330 1804 380 1841 est
460 1802 593 1840 Eadem
616 1804 652 1838 in
678 1804 819 1838 ratione
834 1804 969 1849 J‘ustum
991 1803 1062 1843 est,
1088 1803 1124 1837 δε
1152 1803 1292 1847 primos
1320 1812 1441 1837 ramos
1464 1812 1563 1836 venae
1584 1809 1774 1849 portarum
1795 1803 1862 1839 viri

237 1867 394 1911 maiores
427 1861 495 1900 effe
526 1862 649 1910 primis
677 1861 723 1896 in·
759 1873 876 1909 puero
915 1872 1016 1897 venae
1060 1866 1248 1907 portarum
1289 1861 1396 1894 ramis
1424 1869 1432 1894 :
1461 1859 1638 1908 idemque
1666 1859 1859 1898 discrimen

238 1931 389 1973 oportet
414 1921 449 1959 in
474 1921 660 1962 secundis,
679 1920 713 1956 &
731 1920 767 1956 in
789 1921 924 1962 tertiis,
950 1919 987 1955 &
1008 1919 1045 1954 in
1074 1919 1244 1955 omnium
1264 1917 1483 1954 divifionum
1505 1920 1611 1956 ramis
1637 1931 1823 1959 recurrere
1850 1932 1860 1958 ε

235 1985 272 2020 id
302 1985 399 2020 enim
431 1981 494 2018 nisi
524 1983 735 2018 recurrerit,
766 1987 857 2016 tunc
882 1980 1010 2028 utique
1039 1986 1104 2016 aut
1129 1977 1259 2014 viscera
1283 1979 1387 2028 pueri
1412 1989 1517 2027 aeque
1543 1989 1674 2027 magna
1704 1979 1855 2023 forent,

236 2055 348 2092 quem
382 2041 532 2094 quidem
563 2040 675 2078 adulti
699 2038 861 2077 hominis
892 2039 1048 2080 viscera,
1083 2045 1145 2075 aut:
1177 2038 1367 2085 pauciores
1397 2037 1434 2073 in
1461 2049 1574 2085 puero
1606 2039 1704 2075 rami.
1726 2039 1852 2085 Quare

236 2102 257 2139 fi
288 2115 411 2139 omma
437 2101 572 2138 vascula
607 2101 745 2150 hepatis
775 2101 840 2136 viri
867 2101 1002 2147 majora
1037 2098 1142 2140 sunt,
1173 2108 1281 2145 quam
1305 2098 1430 2145 pueri,
1453 2097 1587 2142 majora
1609 2099 1716 2136 etiam
1746 2106 1852 2137 erunt

235 2160 315 2199 cola
353 2162 538 2203 secretozia
572 2160 677 2203 bilis,
707 2160 884 2196 &tamen
914 2159 1084 2196 eumdem
1107 2157 1301 2194 humorem
1331 2163 1465 2203 parant.
1512 2155 1599 2194 Non
1615 2170 1703 2207 ergo
1739 2171 1756 2196 a
1778 2171 1852 2196 ma.

236 2222 432 2271 gnitudine
472 2220 608 2258 diverla
642 2219 1131 2276 potorum*secretoriozum
1173 2214 1398 2257 diversorum
1427 2214 1629 2257 humorum
1662 2218 1847 2270 separatio.

313 2385 380 2422 (s)
408 2385 465 2415 LA
489 2394 616 2417 munt
644 2385 663 2414 1:
683 2394 707 2414 c.
739 2396 769 2425 p.

314 2434 355 2463 (ς
379 2429 390 2462 )
436 2432 451 2457 J
470 2442 476 2455 s
498 2430 645 2457 12,.1,;‹2„!v.
668 2426 786 2462 snml'.
812 2436 841 2465 Γ.
866 2437 912 2459 15.
932 2429 1012 2467 sagn.

309 2471 377 2505 (h)
427 2472 576 2508 iss-stig.
600 2480 629 2507 Γ.
657 2475 724 2506 183.
751 2477 820 2505 207.
