1968 2706
421 169 937 216 DIVERSITATIS
989 168 1372 212 HUMORUM:
1660 179 1742 222 481

138 273 286 315 salivam
315 279 465 325 generat
488 267 612 326 (x),
633 271 765 311 deinde
794 270 926 318 hepar,
950 280 1013 306 ren
1030 297 1039 311 ,
1064 275 1192 306 cortex
1218 268 1380 315 cerebri,
1399 267 1493 306 testi>
1509 268 1590 319 (y).
1620 267 1717 307 Vide
1732 269 1749 314 ,¹

139 348 253 386 quarn
276 347 401 385 parurn
427 333 505 371 haec
529 332 631 371 series
658 343 741 369 cum
773 330 888 380 priori
912 330 1116 367 conveniat.
1169 328 1301 366 Semen
1330 326 1573 377 graviffimum
1602 337 1746 378 paratur

138 399 178 435 in
207 408 347 446 organo
367 394 538 432 omnium
566 390 754 428 leviffimo.
803 388 890 426 Bilis
907 418 918 433 ,
943 400 1023 440 quae
1052 388 1197 426 salivam
1219 388 1384 438 pondere
1398 387 1585 437 insigniter
1602 388 1747 438 superet

139 457 195 506 (z
215 456 233 502 )
253 484 262 499 ,
291 462 484 504 generatur
509 453 546 489 in
573 449 707 489 viscere
734 449 888 492 leviori,
912 460 1020 497 quam
1049 447 1198 498 quidem
1229 447 1341 486 falivae
1366 449 1447 486 cola
1474 448 1566 486 sunt.
1595 450 1748 497 bpiritus

138 517 308 554 omniurn
337 511 530 556 leviffimi,
553 512 590 547 in
625 508 837 560 ponderoso
866 519 1010 557 organo
1035 507 1267 557 percolantur
1295 521 1306 554 3
1346 515 1445 545 certo
1483 509 1582 545 enim
1607 509 1750 557 experi-

137 582 265 613 mento
294 572 486 623 comperi,
520 571 555 608 ἃ
583 571 760 608 corticem
782 569 924 607 cerebri
952 569 990 605 in
1013 579 1103 616 aqua
1133 566 1373 617 promtiflime
1391 566 1588 610 subsidere,
1622 568 1657 604 δι
1676 578 1752 604 me-

137 635 237 673 dulla
255 661 264 676 ‚
283 633 417 670 iterum
439 642 487 668 ex
511 630 672 680 propriis
693 627 761 667 HA
776 640 804 665 M
819 639 838 664 Β
853 639 871 664 ε
889 641 908 664 R
925 640 947 665 G
961 639 981 665 E
997 639 1048 664 Rr
1072 628 1354 676 experimentiS,
1373 626 1573 677 graviffima
1591 626 1641 665 est
1656 625 1668 673 (
1683 625 1750 674 α).

135 693 345 743 Oportebat
371 698 494 729 autem
517 702 563 727 ex
594 687 790 740 hypothesi
819 688 884 724 viri
927 687 1050 726 Celeb.
1089 687 1231 736 spiritus
1256 715 1266 730 ,
1299 699 1456 736 quorum
1489 687 1636 736 pondus
1656 697 1755 735 pene

137 752 282 791 nullum
311 750 351 788 fit
389 744 470 798 (b)
496 762 515 787 a
554 751 691 787 cortice
723 747 861 786 cerebri
895 746 1032 784 infinita
1063 757 1160 795 pene
1191 747 1334 784 ratione
1375 747 1533 795 graviori
1572 745 1755 795 repudiari

142 813 242 861 (c).
284 811 404 874 Atque
428 809 521 847 adeo
563 808 662 845 vides
690 836 699 851 ‚
737 805 932 845 leviffimos
969 805 1131 855 liquores
1171 806 1207 841 in
1237 804 1542 854 ponderofiffimis
1571 806 1719 853 organis
1742 833 1753 848 ‚

135 869 358 923 gravissimos
388 867 425 906 in
454 866 640 907 leviffimis
663 867 837 916 generari.
885 865 1009 919 Ipsum
1032 872 1224 913 argentum
1250 866 1373 902 vivum
1399 893 1410 908 ,
1440 865 1611 902 omnibus
1634 863 1757 902 solidis

135 930 305 983 partibus
334 929 427 967 adeo
458 941 591 978 magna
619 928 759 965 ratione
785 924 1057 976 ponderofius,
1094 933 1216 962 tamen
1245 924 1280 960 ἃ
1308 924 1424 973 ipsum
1457 922 1596 962 vascula
1625 923 1755 968 subit,

137 991 287 1030 &levis
314 989 491 1041 ponderis
522 988 701 1040 inpulsu,
733 987 769 1024 δε
799 987 837 1023 in
879 985 961 1022 illos
990 985 1084 1022 adeo
1121 984 1275 1021 leviores
1308 984 1457 1021 tubulos
1495 983 1658 1022 altissime
1695 995 1760 1031 pe-

136 1057 255 1089 netrat
285 1049 320 1085 ἃ
349 1049 588 1096 percolatur,
613 1060 658 1099 pe
662 1059 677 1083 r
698 1046 772 1097 ipsa
803 1053 925 1083 tenera
958 1045 1084 1098 vapori
1114 1051 1270 1083 cutaneo
1294 1045 1454 1094 patentia
1473 1043 1613 1082 vascula
1646 1038 1728 1090 (d)
1746 1068 1760 1087 ,

137 1122 204 1160 per
231 1107 396 1145 humoris
429 1109 537 1157 aquei
573 1106 673 1144 oculi
701 1106 848 1143 fistulas
1414 1137 1418 1141 .

224 1165 368 1204 Poffent
395 1168 504 1204 etiam
527 1166 590 1203 hic
613 1165 743 1203 adferri
766 1193 775 1207 ‚
796 1175 877 1213 quae
893 1163 940 1202 de
963 1164 997 1200 vi
1014 1162 1184 1201 adhaefiva
1209 1163 1409 1201 humorum
1436 1163 1642 1201 nostrorum
1661 1167 1759 1201 certa

138 1227 209 1266 fide
245 1232 421 1263 tenemus.
461 1224 509 1263 Ea
536 1226 633 1262 enim
662 1223 728 1261 alia
763 1224 920 1261 omnino
948 1223 987 1259 in
1013 1224 1154 1261 ratione
1183 1223 1234 1261 est
1257 1251 1266 1266 ,
1288 1235 1397 1272 quam
1429 1222 1636 1271 specificam
1668 1234 1763 1272 pon-

139 1288 217 1326 dus.
264 1284 360 1323 Cum
384 1286 486 1323 enim
515 1284 679 1334 pondera
705 1284 885 1332 reperiret
918 1282 1101 1330 ejusmodi
1129 1284 1183 1319 vir
1207 1282 1297 1320 Clar.
1323 1282 1426 1319 saliva
1451 1290 1497 1329 85
1520 1309 1529 1326 ‚
1568 1284 1648 1320 bilis
1672 1289 1755 1334 76,

138 1358 232 1396 aqua
261 1357 317 1392 74
334 1373 343 1387 ,
367 1345 472 1382 urina
507 1355 559 1392 72
582 1369 593 1391 ‚
615 1341 839 1381 cohaefiones
865 1342 1012 1379 fuerunt
1032 1343 1069 1379 in
1090 1341 1166 1379 hoc
1185 1341 1333 1384 ordine,
1354 1341 1458 1379 saliva
1485 1351 1557 1387 30,
1580 1343 1660 1379 bilis
1681 1352 1734 1387 30
1749 1369 1759 1384 ,

137 1407 242 1458 urina
264 1414 347 1450 10,
378 1415 469 1453 aqua
502 1416 563 1441 10.
608 1401 790 1440 immensa
814 1413 904 1450 ergo
938 1397 1081 1439 ratione
1113 1403 1224 1439 urinae
1252 1402 1303 1438 vis
1336 1400 1507 1439 adhaefiva
1541 1402 1665 1439 minor
1687 1402 1764 1443 est,

139 1477 251 1516 quam
275 1463 429 1514 quidem
455 1462 627 1512 pondus,
658 1474 744 1500 cum
774 1462 887 1514 triplo
920 1463 1043 1498 minus
1069 1490 1079 1504 ‚
1118 1473 1228 1511 quam
1259 1460 1339 1498 bilis
1369 1460 1553 1498 cohaereat
1587 1459 1700 1511 (e),
1729 1461 1771 1497 ὅτ,

139 1530 281 1563 tantum
307 1520 442 1571 exigua
473 1523 671 1571 portione,
705 1527 814 1571 atque
838 1520 880 1574 ἐξ
907 1521 1027 1559 minus
1047 1523 1164 1569 gravis
1189 1520 1239 1558 fir.
1292 1519 1333 1557 ln
1357 1520 1500 1558 alterius
1526 1519 1768 1558 Iatromathe·

140 1584 265 1621 matici
296 1583 559 1632 experimentis
580 1582 700 1619 multo
723 1582 840 1629 major
863 1581 999 1618 virium
1025 1580 1287 1618 adhaerentium
1322 1592 1339 1617 a
1368 1580 1594 1630 ponderibus
1622 1578 1768 1617 diversi-

140 1650 192 1681 tas
222 1643 281 1680 est.
348 1642 460 1679 Urina
489 1654 655 1691 nempe,
687 1641 877 1690 aliquanto
910 1651 1019 1689 quam
1060 1652 1149 1689 aqua
1192 1640 1334 1683 levior,
1384 1638 1627 1678 adhaefionem
1660 1639 1770 1677 habet:

142 1701 384 1752 quadruplam
405 1730 416 1744 ,
445 1701 548 1739 saliva
572 1701 782 1752 octuplam,
807 1711 933 1750 parem
961 1700 1064 1743 bilis,
1098 1700 1247 1742 sebum,
1289 1699 1393 1748 quod·
1423 1711 1513 1748 aqua
1545 1700 1659 1736 levius
1692 1698 1734 1735 fit
1757 1726 1768 1742 ,

141 1760 289 1810 tripla-m
307 1789 316 1804 ,
337 1762 403 1809 pix
416 1759 507 1798 adeo
523 1760 609 1798 levis
632 1767 716 1805 256
736 1760 915 1805 maiorem
937 1759 1064 1807 (Μ).
1088 1759 1158 1796 Sed
1173 1760 1209 1796 in
1233 1757 1427 1808 hypothesi
1444 1758 1505 1806 ΙΙΙ.Λ
1526 1756 1596 1794 HA
1610 1770 1640 1795 m
1655 1770 1674 1794 Β
1689 1769 1770 1795 ER·

142 1831 262 1858 Geni
286 1820 445 1856 maxime
483 1819 530 1855 de
567 1818 768 1855 adhaefione
796 1819 841 1855 ad
871 1819 950 1855 vasa
981 1818 1165 1867 capillaria·
1194 1817 1392 1865 quaeritur,
1420 1828 1541 1865 neque
1574 1816 1621 1854 de
1651 1817 1770 1864 gravi-

141 1886 216 1919 tate
240 1877 392 1927 quaestio
431 1876 505 1919 est,
538 1874 603 1912 nifi
632 1875 756 1925 quoad
790 1874 1036 1912 cohaefionem
1070 1874 1300 1911 determinat.

231 1936 395 1976 Demum
427 1942 552 1973 contra
579 1933 636 1972 Ill.
668 1935 734 1972 viri
771 1935 993 1984 opinionem
1015 1945 1057 1974 ea
1085 1934 1209 1972 omnia
1232 1933 1370 1971 faciunt
1392 1962 1403 1977 ,
1429 1944 1511 1984 qnae
1531 1941 1659 1972 con-tra
1695 1937 1771 1973 vim

1558 1993 1769 2044 specificam

226 2065 303 2099 (x)
329 2064 612 2095 Harant-nona
635 2063 780 2111 physz'opg.
806 2072 834 2101 p.
859 2069 926 2101 190

227 2106 295 2143 (y)
326 2104 428 2136 Testis
449 2103 490 2133 est
513 2106 548 2134 ad
576 2107 633 2143 hep
628 2117 669 2136 ar
699 2106 745 2136 uri
774 2110 853 2134 1600
877 2105 915 2135 ad
937 2099 1285 2141 2304,1Dn1=a1bid.

226 2149 298 2183 (2)
321 2146 369 2176 Αἰ
393 2155 462 2176 ean
485 2145 627 2178 sehabet
651 2147 698 2178 uti
729 2156 785 2178 ππ
816 2145 852 2174 ad
878 2153 948 2176 ιςῐ
972 2146 1310 2176 SrLBERzrnel.
1354 2164 1360 2172 .

226 2190 298 2224 (a)
321 2187 420 2217 Habet
444 2186 472 2216 se
492 2187 530 2216 ad
553 2187 646 2226 hepar
666 2189 711 2219 uti
734 2190 810 2226 3106
835 2186 874 2216 ad
899 2196 987 2221 2204-
1012 2187 1305 2218 {immanem
1323 2187 1342 2215 1,
1370 2196 1393 2215 r.

228 2229 297 2265 (b)
328 2229 652 2264 flammans„
680 2230 926 2262 quvAots
954 2230 1041 2261 Elem.
1067 2227 1262 2267 Plystologp
1241 2238 1365 2266 P-173

229 2271 302 2348 {gl}
325 2280 358 2341 ii]
381 2279 656 2350 ἓέίὲςῆῖοιίἰὲῑςη
675 2310 845 2342 mercurius
871 2313 1172 2353 Loni.mag.1755
1195 2312 1247 2353 st?
1251 2311 1298 2351 *le
1302 2320 1342 2341 n]
1364 2315 1400 2341 ἰ-ιζ
1421 2308 1533 2344 :indum
1560 2310 1732 2343 cimanum

229 2353 297 2390 (eN
318 2351 556 2383 Lamuml.
588 2363 614 2384 c.
635 2353 683 2383 fin.

230 2392 390 2432 (e*511
423 2394 530 2431 ΙἈῑβιεηα
531 2400 568 2424 at.
593 2404 621 2432 p.
647 2404 694 2430 43

245 2433 320 2477 Ha
323 2432 396 2478 Iler
422 2433 635 2494 Plzjfiolog
668 2439 775 2477 Tom
811 2436 858 2477 Π.
1316 2437 1339 2477 ἓ)
1370 2450 1393 2488 p
1418 2450 1449 2490 p<
