1968 2706
576 139 783 219 ’sucat
827 169 904 212 II.
977 172 1244 212 canoa.
1627 185 1702 214 101

185 269 274 309 Haec
306 269 582 320 experimenta,
610 269 716 306 nimis
753 267 924 317 equidem
953 279 1088 317 pauca,
1130 267 1298 305 videntur
1333 274 1454 305 tamen
1494 270 1706 319 ostendere,

100 330 216 368 minui
249 341 349 382 aquae
388 330 532 378 copiam
566 330 603 364 in
639 327 805 377 plethora
830 356 839 371 ‚
887 327 1068 376 podagra,
1111 326 1211 365 febre
1255 327 1395 365 valente
1423 356 1433 370 ,
1485 329 1522 364 δε
1560 329 1708 370 scorbu-

99 396 139 426 to
171 383 288 441 (f),
317 389 441 437 augeri
467 393 593 425 contra
622 387 660 423 in
684 384 835 435 phthisi,
868 388 980 436 inque
1009 393 1299 438 temperamento
1322 386 1586 436 phlegmatico.

186 448 339 498 Sanguis
375 445 534 484 bubulus
566 447 730 484 humano
771 445 891 483 multo
927 445 1062 495 spiffior
1102 446 1159 483 est.
1209 446 1250 484 In
1287 445 1385 483 libris
1418 447 1515 483 enim
1548 455 1704 497 quatuor

98 508 281 557 sanguinis
315 504 536 544 craffamenti
575 505 723 544 fuerunt
756 504 856 542 librae
886 505 1042 542 omnino
1072 503 1151 542 duae
1184 502 1278 558 (g).
1330 505 1468 543 Contra
1504 507 1541 543 in
1571 509 1706 557 viperae

98 567 270 616 sanguine
297 575 344 602 ex
374 571 426 608 80
447 565 592 614 granis,
631 565 799 603 humoris
829 564 980 602 fuerunt
1012 562 1089 611 622¹T
1125 562 1195 602 five
1227 563 1331 613 super
1360 573 1429 603 tres
1455 571 1572 615 partes
1600 579 1702 617 quar-

98 633 148 664 tas
175 635 278 675 aquae
311 618 455 678 [ΕΠ.-

532 723 566 764 g.
618 717 808 757 XXXVI.
874 714 1041 771 Spiritus
1062 713 1276 772 fizngzcz'nz's.

177 834 405 874 Rarissimum
445 836 495 873 est
528 844 628 875 extra
660 843 804 887 putrem
835 837 964 874 statum
995 846 1078 875 ante
1105 837 1280 885 phlegma
1307 836 1471 885 spiritum
1509 837 1700 877 adscende-

91 906 129 932 re
160 890 263 942 [h],
302 895 365 933 etfi
405 896 618 944 exemplum
663 897 852 942 inveni0;
896 898 934 934 in
981 897 1153 934 omnibus
1198 897 1273 933 aliis
1321 897 1523 945 pericuHs,
1577 909 1701 946 quam-

92 953 156 990 diu
182 955 283 991 calor
322 966 398 992 non
431 955 574 1003 superat
608 966 708 1004 aquae
749 955 956 993 ebullientis
987 956 1163 1004 gradum,
1192 954 1313 993 similis
1338 956 1415 993 fere
1451 968 1564 1005 aqua,
1594 959 1701 995 unice

91 1013 203 1061 paulo
235 1013 298 1050 sub
330 1013 440 1050 finem
467 1015 588 1051 acrior
622 1014 835 1057 adscendit,
874 1014 911 1051 &
945 1017 981 1051 in
1009 1014 1128 1052 fundo
1161 1013 1244 1051 vasis
1273 1013 1383 1052 ficcus
1415 1009 1498 1068 [i]
1535 1016 1702 1065 aliquan-

90 1079 169 1109 tum
194 1073 525 1121 empyreumaticus
563 1085 714 1120 grunius
750 1074 931 1120 superest,
963 1075 1027 1121 qui
1057 1083 1142 1110 cum
1177 1073 1312 1111 vitrioli
1336 1074 1446 1117 oleo,
1481 1076 1516 1112 δι
1541 1075 1704 1124 aliquan-

89 1137 129 1168 to
174 1131 324 1168 validius
358 1143 443 1168 cum
483 1132 568 1168 nitri
607 1131 732 1180 spiritu
763 1131 960 1169 effervescit
992 1128 1074 1178 [Η.
1125 1130 1223 1169 Huic
1257 1143 1357 1170 nunc
1393 1132 1572 1181 sanguinis
1612 1133 1703 1185 sapae

88 1190 344 1229 vehementior
377 1192 470 1238 ignis
506 1189 711 1238 subjicitur,
750 1202 834 1229 cum
868 1203 974 1229 arena
1003 1190 1125 1227 aestum
1159 1202 1204 1228 eo
1234 1189 1347 1240 longe
1374 1194 1550 1239 maiorem
1578 1195 1703 1230 conei-

88 1251 184 1297 piat,
223 1260 299 1298 quo
338 1261 429 1299 aqua
471 1250 611 1287 ebullit.
675 1249 726 1287 Ita
768 1251 894 1300 prodit
933 1250 1056 1300 liquor
1094 1258 1280 1299 utcunque
1323 1252 1494 1299 pinguis,
1534 1252 1700 1300 oleosus,

89 1305 253 1353 amarus,
285 1307 475 1351 subrufus,
503 1316 637 1346 naturae
662 1310 734 1356 jam
765 1310 983 1347 manifestius
1013 1309 1191 1352 urinosae,
1227 1321 1336 1359 quam
1364 1305 1556 1349 Robertzcs
1581 1311 1700 1349 Bov-

87 1378 166 1410 ιε,
211 1366 334 1403 multis
367 1367 589 1405 celebratum
616 1370 906 1416 experimentis„
928 1363 1116 1422 spiritum
1137 1362 1342 1422 fiznguinis
1379 1372 1532 1407 vocavit.
1584 1371 1616 1409 Is
1650 1383 1700 1407 ex

86 1425 158 1462 sale
189 1423 329 1463 volatili
371 1425 464 1463 ficco
493 1428 530 1463 in
560 1425 680 1476 aliqua
720 1427 913 1477 superstitis
956 1428 1176 1477 phlegmatis
1212 1430 1385 1476 portione
1422 1429 1594 1467 dissoluto
1629 1426 1700 1482 [l]

87 1485 236 1522 consta-t.
287 1484 433 1522 Similis.
453 1486 552 1522 enim
581 1485 723 1534 spiritus
752 1495 919 1536 paratur,
942 1486 967 1524 fi
999 1487 1105 1525 salem
1130 1486 1317 1524 volatilem
1344 1487 1525 1536 sanguinis
1552 1490 1587 1526 in
1605 1502 1695 1539 aqua

87 1543 244 1586 solveris,
264 1534 385 1581 &⁰una
401 1543 578 1581 destillare
594 1550 768 1593 coegens.
785 1547 886 1594 Aqua
911 1558 996 1583 vero
1015 1547 1050 1582 ὃς
1073 1544 1116 1582 sal
1130 1543 1167 1581 in
1178 1545 1302 1596 spiritu
1324 1558 1362 1584 ea
1380 1548 1520 1585 ratione
1547 1549 1696 1586 miscen-

87 1608 166 1645 tur,
196 1613 244 1640 ex
270 1596 495 1651 Raymzmdz'
529 1602 627 1640 V1E
645 1614 833 1642 ussENs
867 1605 1144 1652 experimento,
1178 1611 1217 1641 ut
1249 1606 1287 1641 in
1310 1605 1481 1644 drachma
1503 1607 1695 1656 phlegma-

86 1663 155 1703 tis,
190 1672 301 1708 grana
346 1661 422 1698 salis
455 1660 610 1698 volatilis
647 1664 779 1710 viginti
811 1664 847 1700 ὃς
887 1664 1022 1712 septem
1057 1661 1149 1715 [m]
1190 1663 1458 1712 colliquescam.
1509 1665 1699 1704 Urinosam

85 1727 263 1766 naturam,
286 1731 395 1768 quam
425 1720 615 1757 alcalinam
655 1722 838 1759 volatilem
885 1730 1041 1766 vocant,
1083 1722 1179 1758 odor
1216 1721 1320 1760 facile
1357 1726 1503 1771 prodit,
1542 1727 1579 1762 ὃς
1612 1738 1696 1763 cum

83 1777 209 1826 spiritu
233 1777 310 1815 salis
337 1779 455 1815 aliisve
486 1779 597 1815 acidis
624 1779 826 1829 liquoribus
858 1779 1040 1819 familiaris
1069 1781 1189 1819 fervor
1218 1780 1318 1835 [n].
1369 1783 1399 1820 A
1422 1784 1546 1834 spiritu
1574 1792 1695 1823 tamen

84 1838 195 1876 urinae
222 1838 257 1875 &
288 1848 404 1875 cornu
435 1838 532 1875 cervi
565 1837 693 1889 aliquo
723 1839 928 1878 discrimine
955 1840 1076 1879 differt
1108 1840 1200 1887 [0].

886 1899 922 1937 Ν
955 1911 972 1944 3
1567 1901 1695 1941 Praeter

256 1986 291 2016 In
312 1996 373 2025 quo
394 1986 490 2026 aliqui
510 1988 613 2026 augeri
636 1988 830 2020 crediderant
855 1989 872 2021 S
890 1999 1012 2022 UTTo
1025 1998 1046 2020 Ν
1067 1999 1097 2029 p.
1125 1998 1191 2025 104.

249 2027 276 2057 N
293 2038 485 2058 REDHAM
508 2030 527 2058 l.
553 2038 576 2058 e.
602 2040 718 2069 11-234-

248 2071 262 2105 )
284 2071 378 2100 M‘em.
403 2071 437 2098 de
449 2071 561 2102 [Aemi.
581 2073 626 2101 des
639 2070 741 2111 scienc.
767 2083 853 2108 1737..
868 2083 895 2111 p.
912 2075 960 2103 26.

187 2110 225 2147 h)
252 2108 503 2141 COLBATCH
527 2112 629 2151 Lep.
647 2122 718 2151 407.

163 2150 223 2187 (i)
245 2151 430 2182 Bosana
448 2163 500 2183 Λν
519 2163 533 2182 u
557 2153 576 2182 l.
598 2164 670 2193 ου.
690 2157 756 2190 356.
786 2153 1011 2184 HOMBERG
1031 2154 1050 2183 l.
1069 2164 1095 2184 c.
1114 2164 1143 2192 p.
1165 2163 1212 2191 13.
1232 2153 1488 2186 Vlssussist
1512 2166 1539 2194 p.
1559 2164 1609 2186 2¹5.
1639 2157 1692 2188 Al-

81 2189 140 2219 cali
160 2190 288 2223 animale
310 2202 375 2222 non
404 2192 552 2225 discedit,
577 2205 675 2235 neque
692 2194 830 2227 solvitur,
851 2195 906 2226 nifi
931 2196 968 2226 ad
992 2205 1078 2236 aquae
1104 2195 1277 2226 ebullientis
1304 2196 1440 2227 calorem
1470 2198 1525 2229 BA
1540 2207 1556 2226 a
1570 2208 1588 2228 ο
1602 2210 1621 2229 n
1652 2199 1691 2230 ad

79 2229 172 2262 LEM
185 2242 199 2261 a
214 2242 268 2262 RY
293 2235 382 2263 Cours
411 2236 444 2264 de
469 2236 580 2272 Chymie
605 2248 635 2277 p.
665 2242 736 2274 805.

161 2272 226 2309 (k)
250 2272 277 2303 G
290 2284 339 2305 RE
352 2285 387 2305 w
417 2276 436 2305 l.
453 2286 478 2306 c.

162 2312 220 2351 (l)
242 2313 295 2344 Bo
309 2324 387 2346 YLE
415 2323 540 2354 apparat,
561 2326 587 2354 p.
606 2326 654 2353 91.
671 2328 721 2353 93·
752 2319 867 2356 append.
887 2326 917 2354 p.
938 2320 986 2348 16.

161 2354 174 2390 (
186 2367 214 2384 nt
227 2355 239 2391 )
263 2355 294 2385 V
305 2367 316 2385 1
330 2367 346 2385 ε
359 2366 378 2386 υ
394 2368 405 2387 s
417 2367 428 2387 s
441 2368 457 2387 Ε
470 2370 488 2387 N
502 2367 514 2387 s
534 2357 641 2397 prefate
665 2369 724 2388 aux
747 2360 821 2389 deux
840 2355 1035 2397 dff'ffflffiom·

161 2396 229 2433 (n)
251 2396 304 2426 Bo
321 2407 341 2427 γ
354 2408 373 2427 L
389 2408 406 2427 E
428 2407 550 2436 apparat.
565 2410 595 2438 p.
610 2407 657 2436 97.
685 2399 712 2429 H
725 2410 742 2429 o
756 2411 784 2430 m
800 2412 817 2432 Β
835 2411 849 2431 Β
864 2410 881 2429 R
897 2411 912 2431 G
939 2399 960 2429 l.
983 2412 1006 2432 c.
1022 2412 1051 2440 p.
1071 2410 1115 2432 12.
1151 2402 1239 2435 Gjnz
1253 2415 1289 2435 w
1315 2404 1332 2433 1,
1347 2412 1373 2435 ε,
1396 2414 1425 2443 p.
1441 2413 1511 2440 251.

161 2438 223 2476 (ο)
247 2438 270 2468 Β
284 2448 303 2469 ο
317 2448 336 2468 Υ
350 2451 366 2469 L
381 2448 396 2468 Ε
422 2447 547 2477 apparat.
567 2452 596 2480 p.
618 2452 664 2475 97.
