1968 2706
533 134 775 178 Morus
832 134 1241 176 LATERALls.
1642 143 1724 188 259

124 237 208 275 dem
233 235 402 285 pulsuum
431 233 499 273 effe
527 244 710 272 numeros.
759 232 830 270 Sed
862 232 1016 280 propius
1045 238 1168 268 tamen
1199 230 1244 269 ad
1278 231 1485 269 mensuram
1509 232 1582 270 veri
1616 244 1728 271 acce-

123 297 203 339 dit,
231 297 442 345 quicunque
469 305 640 330 numeros
670 293 844 343 exprimit
864 319 874 334 ,
914 292 950 328 ἃς
982 291 1178 328 terminum
1213 297 1313 329 certe
1344 290 1453 339 figit,
1491 302 1601 341 quem
1631 291 1728 329 ultro

122 358 291 404 citroque
315 361 440 392 natura
467 353 614 389 modice
645 352 840 393 discurrat,
873 361 1061 399 nunquam
1097 357 1220 387 tamen
1254 348 1460 398 longifflme
1495 357 1679 399 evagetur.

207 413 367 456 Primus,
396 413 434 449 ni
455 411 559 449 fallor
575 440 584 454 ,
603 412 655 448 vir
671 411 714 448 ad
731 410 995 448 inveniendum
1024 421 1146 446 verum
1170 415 1272 446 natus
1289 438 1298 452 ,
1330 408 1363 446 K
1378 422 1397 446 E
1412 422 1430 446 P
1444 422 1465 446 L
1478 422 1498 447 F.
1515 423 1536 448 R
1553 423 1575 447 u
1592 421 1610 448 s
1634 410 1726 458 (u)

121 473 290 524 pulsuum
313 474 350 510 in
382 470 469 508 dato
497 477 665 519 tempore
696 482 891 508 numerum
922 468 1074 507 definire
1099 468 1280 516 suscepit,
1304 480 1388 505 nam
1425 470 1614 507 cardinalis
1645 469 1728 507 Cu-

120 543 230 572 SANI
250 531 419 583 pulsuum
444 528 488 567 ad
519 529 742 579 clepsydram
764 530 991 567 enumeratio
1022 555 1034 572 ‚
1070 538 1258 576 nunquam
1291 528 1334 565 ad
1372 528 1488 577 ipsum
1524 541 1618 578 opus
1647 540 1728 578 per-

120 592 221 630 dueta
245 590 321 628 fuit.
386 588 478 625 Inde
507 590 660 638 proprio
693 589 790 627 libro
818 582 1013 641 Johamzes
1046 585 1132 624 FLo
1151 598 1172 622 Y
1191 598 1246 623 ER
1270 585 1359 636 (y)
1392 589 1537 625 uberius
1568 599 1637 637 pro
1658 588 1728 626 ho-

117 652 260 688 minum
291 649 583 697 morborumque
619 649 787 687 varietate
829 647 1001 697 pulsuum
1038 658 1211 684 numeros
1250 646 1287 683 «Sc
1324 648 1482 683 rationes
1516 647 1724 697 descripsit,

117 709 250 748 deinde
286 708 354 747 Vir
384 707 437 746 Cl.
469 693 642 745 Thomas
673 707 962 745 SCHWENKE
992 708 1048 750 (z
1068 706 1084 752 )
1106 734 1115 749 ‚
1152 701 1282 754 Brycm
1328 704 1398 742 Ro
1418 716 1504 742 BIN
1522 720 1534 743 s
1556 719 1618 743 on
1645 705 1724 756 (a)

117 769 153 807 &
182 767 236 807 Cl.
269 767 369 806 Rvn
401 761 494 814 (b).
529 766 600 803 Sed
617 769 726 804 etiam
742 779 814 815 ego
832 764 878 816 {in
909 768 1060 815 proprio
1092 776 1274 814 corpore,
1295 765 1332 802 ἃ
1355 764 1586 803 familiarium
1617 778 1724 804 meo-

115 839 196 865 rum
222 839 333 879 carpo
355 853 367 872 ‚
394 825 439 873 ad
464 825 707 874 horologium
737 825 894 865 secunda
919 827 1059 863 minuta
1085 824 1330 861 indicaturum
1346 851 1356 865 ,
1378 824 1659 862 numerosissima
1687 827 1726 864 in

115 886 348 926 numerandis
366 884 528 934 pulsibus
557 886 804 934 experimenta
820 885 889 923 feci
912 884 968 932 (c
985 885 1014 932 ).
1051 885 1180 932 Nuper
1210 883 1264 921 Cl.
1294 878 1523 936 Franciscus
1548 887 1593 921 de
1617 885 1725 922 Snu-

116 957 172 984 vA
184 957 210 983 G
223 955 243 982 ε
259 959 273 983 s
290 944 497 997 pendulum
514 955 597 980 cum
619 944 723 993 pulsu
740 946 839 993 carpi
853 944 1090 982 isochronum
1108 955 1174 991 pro
1196 941 1395 991 pulfilogio
1414 944 1607 995 proposuit
1627 941 1682 990 (d
1695 942 1718 993 )

202 1004 254 1042 Ut
284 1016 303 1041 a
336 1005 452 1053 prima
483 1004 627 1051 origine
659 1004 791 1041 animal
825 1010 1015 1052 repetam,
1044 1003 1166 1052 punt‘ti
1198 1000 1352 1039 salientis
1373 1003 1495 1051 pulsus
1532 1003 1624 1041 adeo
1657 1016 1725 1041 nu-

114 1063 276 1102 merosos
317 1064 466 1105 inveni,
492 1068 532 1099 ut
567 1073 701 1100 vocum
739 1061 1048 1111 pronunciatione
1082 1062 1309 1110 nequiverim
1348 1063 1494 1112 adsequi
1521 1073 1530 1100 :
1559 1063 1721 1112 quandiu

114 1134 248 1172 nempe
277 1122 381 1160 suum
414 1120 634 1159 animalculo
660 1122 797 1165 robur,
817 1122 853 1158 &
878 1122 1018 1158 nativus
1035 1120 1135 1158 calor
1164 1121 1263 1156 inest.
1318 1119 1394 1166 Qui
1416 1123 1452 1159 in
1474 1124 1618 1160 minuto
1647 1124 1724 1171 pri-

113 1193 176 1219 mo
208 1182 523 1229 numeravi-t1134
567 1177 646 1228 (e)
678 1180 798 1229 pulsus
829 1178 882 1218 Cl.
914 1179 1150 1222 Frovssss,
1180 1178 1271 1215 mihi
1306 1181 1430 1228 potius
1463 1183 1557 1219 intra
1593 1193 1720 1219 verum

113 1240 297 1278 substitiffe
329 1240 492 1283 videtur,
519 1250 602 1277 cum
630 1241 737 1278 etiam
765 1240 891 1277 octavo
925 1252 946 1277 a
971 1248 1076 1288 partu
1108 1239 1166 1276 die
1196 1241 1375 1287 majorem
1399 1241 1436 1278 in
1470 1241 1622 1279 homine
1652 1253 1721 1278 nu-

113 1311 258 1337 merum
294 1300 381 1336 alius
410 1298 463 1337 Cl.
495 1297 796 1337 BRITANNUS
829 1298 1023 1337 recenseat.

197 1358 352 1396 Noviter
377 1358 535 1396 nascenti
562 1357 708 1396 homini
735 1370 857 1406 parem
895 1368 975 1405 134
1005 1356 1175 1406 pulsuum
1225 1367 1418 1396 numerum
1454 1359 1552 1396 idem
1593 1360 1722 1398 tribuit

111 1416 167 1456 Cl.
194 1416 393 1455 FLOYER
417 1410 514 1468 (f),
546 1415 784 1455 BRYANus
810 1429 922 1460 vero,
953 1429 1022 1461 eo,
1053 1429 1164 1466 quem
1190 1416 1348 1455 excitavi
1379 1417 1491 1462 loco,
1528 1419 1609 1467 post
1636 1420 1718 1456 oc'to

111 1488 131 1513 a
158 1484 262 1525 partu
292 1476 367 1514 dies
385 1505 394 1520 ,
430 1476 586 1513 omnino
621 1489 700 1524 150
731 1474 809 1530 (g)
833 1487 847 1514 .·
883 1488 994 1526 quem
1032 1476 1181 1524 quidem
1211 1488 1408 1514 numerum
1432 1490 1503 1527 ego
1525 1489 1719 1527 nunquam

112 1533 223 1578 inire,
254 1547 374 1584 neque
407 1534 494 1572 ultra
520 1544 600 1580 140
629 1536 803 1584 progredi
827 1538 944 1586 potui,

199 1593 263 1631 Uti
287 1593 381 1643 pulli
407 1604 481 1631 ovo
508 1595 622 1641 erepti
653 1594 775 1643 pulsus
803 1596 984 1632 continuo
1026 1593 1263 1631 vehementer
1304 1592 1481 1631 decrescit
1512 1590 1609 1643 (72)
1631 1625 1641 1640 ‚
1669 1597 1718 1634 ita

110 1650 272 1691 hominis
298 1654 336 1689 in
363 1652 488 1690 lucem
511 1652 629 1690 editi:
661 1650 846 1691 Trimestri
869 1665 1007 1702 puero,
1043 1654 1083 1689 in
1117 1653 1251 1688 eodem
1284 1652 1424 1701 semper
1460 1655 1605 1692 minuto
1642 1657 1715 1705 pri-

111 1722 200 1756 mo,
233 1711 356 1761 pulsus
385 1711 533 1750 fuerunt
564 1722 644 1750 120
666 1709 751 1765 (i).
797 1711 942 1758 Quinto
991 1723 1089 1751 anno
1133 1710 1311 1761 sextoque
1343 1707 1464 1765 pulsus
1507 1717 1717 1753 numeravit

1110 1767 1147 1806 K.
1165 1770 1194 1808 k
1237 1783 1266 1808 2
1629 1780 1711 1825 ,τος

194 1886 263 1923 (su)
289 1887 449 1923 Astronom.
477 1884 511 1920 I..
527 1884 587 1919 III.
617 1899 648 1927 p.
670 1892 738 1919 ur,

191 1929 259 1965 (y)
287 1930 344 1959 The
363 1928 513 1967 phyficions
534 1928 715 1969 pulsewatch.

190 1969 232 2002 (z
247 1969 260 2004 )
280 1969 318 1999 In
338 1970 536 2010 haematologia.

190 2008 206 2043 (
216 2012 258 2046 a)
285 2007 380 2051 Egffiayr
398 2022 435 2044 on
454 2013 571 2042 animal.
596 2020 744 2049 oeconomy.

130 2089 136 2094 υ
189 2051 203 2086 (
217 2052 260 2089 h)
284 2051 319 2082 In
337 2053 476 2083 medicina
491 2054 595 2092 statica
615 2054 778 2082 britannica
790 2075 798 2089 ,
813 2051 881 2092 post
891 2051 917 2083 R
930 2056 949 2083 0
962 2061 979 2082 G
994 2062 1010 2084 E
1022 2061 1039 2082 ι
1053 2061 1065 2082 s
1090 2051 1248 2083 historiam
1262 2051 1443 2083 morborum
1455 2050 1703 2092 epidemicorum

105 2089 252 2123 hiberniae
270 2114 277 2127 ,
292 2092 376 2123 edita
388 2092 619 2130 Dublini1734.

185 2134 250 2170 (c)
272 2134 382 2172 Aliqua
403 2135 496 2175 tetigi
519 2135 551 2166 in
570 2136 724 2167 fisemoires
733 2132 788 2172 sur
809 2135 832 2164 le
850 2141 1029 2166 moue-emeat
1047 2135 1087 2166 du
1097 2132 1176 2174 fhng
1193 2145 1223 2174 p.
1255 2137 1291 2172 36
1313 2135 1392 2174 seqq.

187 2174 259 2210 (d)
288 2176 386 2205 Ἧκον.
403 2177 498 2216 pugsus
524 2188 554 2216 p.
585 2186 631 2210 31-

188 2215 253 2251 (e)
281 2215 323 2247 T.
347 2214 384 2247 ΙΙ.
405 2227 433 2255 p.
458 2224 534 2257 3504

188 2255 252 2292 (f)
278 2256 358 2288 Ibid.

187 2297 257 2335 (g)
279 2295 360 2337 Effiy
383 2306 505 2338 9-136-

187 2339 256 2374 (h)
282 2339 329 2369 Ad
351 2344 389 2370 σο
420 2340 520 2378 pulsus
542 2339 595 2370 FL
608 2351 628 2370 o
644 2350 666 2371 Υ
679 2350 694 2370 ε
707 2351 729 2372 R
749 2342 808 2372 loc.
838 2340 935 2372 modo
961 2339 1015 2372 cit}

187 2380 248 2416 (i)
274 2379 432 2414 SAuvA
448 2391 521 2412 GEs
545 2383 721 2420 Emhryolog.
743 2394 771 2422 p.
798 2392 844 2420 13.
