1968 2706
550 153 789 195 MOTUS
848 153 1252 196 LATERALIS.
1606 164 1684 208 353

88 246 233 296 potest,
263 258 326 285 cur
350 259 447 286 venae
479 260 557 286 non
584 249 733 299 perinde
762 250 900 288 alterno
935 251 1037 300 pulsu
1077 250 1282 299 agitentur,
1320 241 1456 301 per'que
1488 252 1562 290 suas
1593 256 1688 292 vices

87 311 149 343 aut
163 305 316 344 dilatatae
334 309 491 354 micent,
515 316 577 346 aut
587 309 774 347 contratiae
790 309 824 346 se
845 310 1053 348 subducant.
1084 311 1217 358 Neque
1239 312 1336 349 enim
1355 323 1458 349 verus
1473 312 1595 361 pulsus
1614 314 1659 351 est
1676 342 1685 358 ,

89 376 199 414 quem
220 366 466 415 descripsimus
481 368 540 415 (c)
557 397 566 411 ‚
599 380 715 417 neque
739 380 912 406 venarum
937 381 1103 407 cavarum
1119 367 1184 417 (d)
1206 400 1215 414 ,
1233 369 1548 420 &pulmonalium
1566 381 1689 411 motus

90 424 149 472 (e)
166 451 178 467 ‚
200 433 259 463 aut
285 425 349 462 alia
375 437 488 473 pauca
503 439 544 465 ea
561 428 730 475 exempla
751 422 838 478 (f)
859 429 932 466 huc
963 429 1056 467 trahi
1076 430 1220 479 possunt
1240 457 1252 475 ‚
1270 433 1305 467 in
1337 430 1468 479 quibus
1485 433 1571 469 raris
1587 445 1687 470 non-

86 484 195 521 nullis
244 485 457 521 mortalibus
499 497 596 523 venae
642 487 819 525 salierunt,
892 487 1225 527 Innumerabilibus
1278 491 1376 526 enim
1428 492 1687 538 experimentis

86 543 245 586 constat,
261 543 414 591 grandes
439 546 547 582 etiam
563 557 667 598 venas
685 575 693 589 ‚
720 547 831 584 nudas
856 573 868 596 9
893 548 929 584 <Sc
952 548 1015 586 suo
1036 556 1180 586 tumore
1212 550 1318 587 etiam
1341 549 1520 597 integram
1545 563 1609 600 per
1627 564 1686 589 cu·

85 609 159 639 tem
202 602 412 651 conspicuas
429 615 446 647 ,⁴
476 606 695 643 immutabili
737 607 914 645 diametro
950 610 988 646 in
1023 607 1106 647 vivo
1153 609 1306 647 homine
1345 609 1501 658 vivoque
1532 612 1688 650 animale

84 661 275 710 persistere.

171 721 200 757 A
220 720 336 768 figura
364 724 491 762 conica
522 724 736 774 divergente
765 727 919 775 pulsatio
942 738 1020 764 non
1047 728 1246 777 impeditur
1275 726 1391 779 (g),
1416 740 1499 765 cum
1525 729 1561 765 &
1587 741 1686 767 venae

82 779 120 815 in
146 786 297 817 truncos
328 781 555 820 confluentes
577 785 701 833 potius
731 786 953 834 angustiores
975 786 1061 823 fiant
1081 816 1090 830 ‚
1113 788 1148 824 δε
1176 787 1318 835 sanguis
1341 799 1385 823 ex
1412 789 1535 824 arteria
1565 789 1600 824 in
1629 801 1684 824 ve-

82 849 169 875 nam
202 838 316 877 fluens
343 843 467 890 utique
494 843 735 890 pulsationem
769 853 914 883 moveat
941 845 962 891 (
985 840 1007 882 h
1026 846 1064 893 ),
1098 847 1133 883 &
1170 848 1206 883 in
1234 846 1409 882 varicibus
1449 847 1617 896 venisque
1645 849 1685 885 li-

81 898 173 945 gatis
204 898 324 947 pulsus
349 900 470 937 nullus
505 898 689 946 nascatur,
717 905 779 941 ubi
808 905 975 956 oportuit
1003 907 1205 943 maximum
1235 905 1325 948 esse,
1362 917 1446 943 cum
1479 905 1560 943 finis
1591 908 1685 954 ejus-

81 956 186 994 modi
213 969 384 996 venarum
423 973 499 998 non
536 962 720 1010 angustior
765 964 880 1002 solum
903 994 913 1008 ‚
954 964 1014 1001 sed
1048 976 1164 1003 caecus
1196 964 1248 1002 fic.

169 1017 317 1054 Constat
346 1022 513 1056 omnium
546 1023 688 1070 primo,
714 1022 799 1061 ideo
827 1036 902 1061 non
926 1024 1058 1060 micare
1088 1037 1193 1062 venas
1216 1053 1225 1067 ,
1259 1025 1362 1074 quod
1399 1025 1441 1062 ad
1475 1037 1532 1063 eas
1564 1026 1684 1063 cordis

79 1074 131 1112 vis
155 1075 386 1114 acceleratrix
419 1091 494 1116 non
529 1082 741 1128 perveniat,
774 1096 854 1132 quae
879 1079 918 1120 in
951 1085 1092 1121 arterias
1129 1085 1266 1123 alterne
1296 1085 1375 1136 plus
1408 1084 1586 1133 sanguinis
1617 1086 1682 1122 im-

78 1134 192 1185 pellit.
243 1133 338 1173 Nam
358 1138 464 1174 etiam
490 1134 551 1176 illa
579 1139 759 1187 sanguinis
788 1143 922 1180 alterna
955 1142 1169 1191 propulflo,
1198 1156 1307 1193 quam
1335 1146 1370 1181 in
1399 1145 1533 1182 arteriis
1565 1145 1685 1182 cordis

80 1194 281 1232 contraCtio
316 1195 517 1243 producit,
546 1211 586 1237 ea
609 1211 626 1235 a
648 1199 745 1236 venis
780 1201 943 1251 undique
969 1201 1063 1239 abest
1095 1199 1174 1251 (ἱ).

167 1252 359 1302 Superest,
386 1262 427 1292 ut
460 1257 561 1294 causa
584 1259 812 1302 inveniatur,
842 1261 891 1298 ob
916 1273 1024 1310 quam
1055 1261 1189 1300 alterna
1222 1262 1341 1301 cordis
1368 1263 1566 1300 contrafflo
1606 1276 1683 1301 non

78 1313 232 1362 perinde
255 1313 389 1350 alterne
419 1314 630 1364 sanguinem
656 1319 830 1356 venosum
859 1322 1106 1359 vehementius
1133 1324 1257 1359 incitet
1277 1351 1285 1364 ,
1312 1334 1396 1358 cum
1418 1328 1537 1359 tamen
1557 1325 1684 1373 utique

79 1384 98 1410 a
129 1372 240 1410 corde
264 1380 385 1410 motus
413 1374 594 1424 sanguinis
619 1377 739 1414 venosi
766 1379 937 1418 nascatur.
987 1378 1093 1419 Varia
1121 1383 1207 1418 varii
1234 1381 1455 1419 obtulerunt.

167 1430 306 1468 Primus
333 1432 387 1469 Ill.
419 1435 472 1471 vir
505 1431 733 1490 Franciscm
771 1437 1021 1477 ΒοιεειΕΒ
1050 1441 1084 1477 &
1115 1442 1203 1477 olim
1234 1437 1314 1486 (k)
1350 1468 1358 1481 ‚
1403 1439 1564 1478 &fufius
1595 1436 1682 1488 (l)

78 1502 196 1539 nuper
215 1487 461 1535 ,solutionem
487 1495 588 1534 dedit
614 1498 873 1546 problematis,
905 1500 977 1536 fere
990 1500 1176 1547 ejusmodi.
1225 1499 1452 1548 Sanguinem
1480 1511 1612 1548 nempe
1633 1503 1682 1538 ait

76 1553 114 1588 in
143 1551 278 1588 ultimis
300 1553 373 1598 jam
405 1555 582 1593 arteriolis
619 1559 757 1595 moveri
796 1559 988 1597 velocitate
1020 1560 1223 1603 uniformi,
1253 1571 1337 1596 cum
1369 1559 1406 1594 in
1431 1562 1569 1597 truncis
1598 1560 1680 1611 pul-

81 1610 237 1648 santibus
266 1610 402 1648 alterne
431 1624 548 1652 novus
577 1615 718 1665 sanguis
740 1619 1014 1678 praecedentem
1044 1630 1188 1667 urgeat,
1211 1620 1247 1656 ἅτ
1271 1619 1407 1655 alterne
1430 1620 1589 1657 remittat
1623 1631 1680 1657 ur-

75 1681 171 1718 gere.
221 1670 370 1718 Nempe
396 1672 434 1708 in
467 1676 602 1712 arteriis
631 1676 862 1714 velocitatem
890 1691 907 1715 a
925 1677 1036 1716 corde
1061 1686 1247 1727 acceptam
1277 1684 1456 1728 perpetuo
1477 1677 1683 1716 decrescere

77 1728 201 1766 eundo
221 1757 230 1772 ,
256 1738 297 1767 ut
326 1730 475 1769 diastole
508 1733 648 1782 semper
673 1736 792 1774 minor
820 1738 879 1775 fiat
901 1767 909 1780 ‚
940 1732 1134 1787 minorque
1166 1738 1206 1775 fit
1239 1737 1468 1780 differentia,
1502 1748 1572 1786 qua
1604 1738 1679 1775 san-

75 1789 196 1836 guinis
228 1788 322 1826 unda
344 1789 495 1838 sequens
532 1794 778 1833 antecedentis
811 1798 1040 1834 velocitatem
1066 1797 1216 1846 superat.

162 1846 301 1886 Contra
334 1850 383 1886 vis
408 1852 625 1890 contractius
655 1856 692 1891 in
721 1859 856 1894 arteriis
882 1857 1114 1894 velocitatem
1129 1863 1278 1905 generat
1306 1864 1473 1907 tempore
1501 1856 1648 1905 systoles
1665 1885 1676 1899 ‚

1598 1927 1681 1965 quae

208 2163 485 2235 finggsi‘inpediri
518 2195 555 2226 G.
579 2194 605 2226 C
618 2207 637 2227 ο
654 2205 697 2225 1,ss
722 2197 755 2225 de
764 2194 860 2235 ficret.
885 2205 914 2235 p.
947 2206 1013 2232 107.
1041 2194 1205 2227 Refutatur
1229 2198 1263 2228 ab
1282 2193 1326 2228 111.
1351 2196 1368 2227 S
1382 2208 1396 2228 iz
1409 2200 1490 2229 n‘ac
1506 2206 1525 2227 0
1551 2198 1569 2228 l.
1596 2209 1619 2229 c.
1632 2195 1674 2232 T.

69 2233 110 2268 Π.
135 2247 383 2315 l)(hz311}.2}²ac
396 2291 417 2310 x
428 2289 438 2308 s
450 2287 469 2307 o
481 2289 502 2308 n
523 2278 542 2307 1.
564 2288 590 2309 c.
613 2290 642 2319 p.
663 2286 693 2308 6.
718 2278 742 2316 J.
766 2280 873 2310 Daniel
901 2278 918 2309 S
930 2289 947 2308 c
959 2289 1008 2310 ux.
1019 2289 1032 2308 x
1044 2291 1061 2311 c
1073 2289 1094 2311 u
1109 2289 1132 2311 '1⁴
1144 2291 1155 2310 1
1169 2289 1191 2309 Η
1205 2292 1222 2312 c
1248 2282 1373 2311 memoir,
1392 2277 1526 2318 prc'finte's
1553 2291 1585 2320 p.
1605 2291 1676 2312 121.

154 2319 399 2400 {2))P·De}}}slfic
421 2371 450 2399 p.
480 2371 528 2397 25.
558 2366 607 2390 25.

154 2403 216 2437 (l)
236 2400 271 2432 In
292 2404 366 2433 Nov.
388 2402 456 2440 Epi).
482 2404 550 2431 Nat.
586 2405 650 2432 Cur.
677 2404 735 2433 Vol.
762 2401 783 2433 Ι.
809 2401 870 2442 {olgf-
893 2411 940 2442 36,

157 2442 305 2487 Halier
343 2441 553 2502 Plufiolog.
582 2447 693 2487 Toni.
719 2447 765 2487 ll.
1245 2449 1277 2488 Y
1304 2462 1325 2498 y
