1968 2706
314 174 393 216 308
487 158 615 203 ΜΒ.
656 156 738 202 VJ.
768 147 953 200 SECT.
990 159 1062 200 HJ.
1125 160 1392 213 SANGUINIS
1425 164 1518 207 PER
1557 166 1792 209 ARTERIAS

306 272 406 304 terrae
423 288 435 308 ‚
458 273 582 312 aquae,
613 259 649 296 &
677 257 751 296 olei
785 257 968 307 impediat.
1014 258 1111 296 Nam
1138 261 1175 297 in
1198 266 1280 298 toto
1317 260 1480 300 humano
1504 274 1682 312 corpore,
1706 265 1741 303 &
1775 266 1814 303 in
1844 265 1915 305 fin:

302 324 391 374 gulo
419 328 518 364 artu,
538 319 717 358 continuo
732 318 906 355 humores
935 318 1149 367 putrescunt
1168 343 1180 366 ‚
1208 320 1357 370 quando
1392 327 1514 360 motus
1549 315 1746 372 suppressus
1777 325 1848 371 est3
1874 327 1911 363 δε

306 381 522 422 evidentiori
540 381 577 417 in
604 378 777 426 exemplo
802 405 811 419 ‚
840 389 952 414 ovum
981 378 1078 415 vitali
1105 380 1271 426 germine
1297 382 1495 419 animatum
1522 381 1698 420 blandum
1726 391 1849 422 manet
1877 386 1914 423 &

305 442 529 483 inodorum,
558 440 595 475 in
633 438 766 474 eodem
793 442 919 485 tepore
937 465 946 479 ‚
976 436 1041 486 qui
1068 449 1196 476 omnes
1232 440 1403 477 humores
1433 442 1469 477 in
1495 440 1736 478 detestabilem
1761 444 1905 488 putrila-

307 504 431 552 ginem
466 500 595 541 vertit,
628 495 776 547 quando
807 496 863 533 vel
890 498 1046 534 omnino
1075 499 1126 534 vis
1150 498 1305 537 mascula
1335 499 1377 536 ad
1406 511 1518 537 ovum
1537 512 1614 537 non
1645 499 1877 548 accessit(t)
1895 533 1905 547 ,

307 568 369 599 aut
403 561 493 597 fetus
521 566 602 595 ante
624 565 768 606 tempus
805 557 913 593 vitam
949 555 1073 594 amifit.
1124 555 1241 596 Prima
1267 560 1304 596 iu
1331 558 1501 596 cadavere
1529 559 1604 597 fere
1631 560 1813 608 sanguinis
1845 574 1912 610 pu.

309 619 412 659 tredo
427 619 477 657 est
497 647 505 661 ,
532 616 555 654 fi
587 630 604 654 a
626 617 771 655 faecibus
801 616 870 652 alvi
899 614 1103 660 recesseris,
1132 617 1244 667 inque
1279 618 1449 666 sanguine
1485 619 1643 666 primum
1671 631 1730 655 aer
1758 620 1912 658 vinculis

306 681 443 718 solutus
471 676 677 727 expeditur.
742 676 811 713 Sed
843 676 951 712 etiam
978 676 1062 713 vivo
1081 674 1120 712 in
1148 688 1304 726 corpore
1335 689 1397 728 per
1425 677 1539 715 febres
1568 678 1740 726 malignas
1770 677 1912 727 sanguis

306 742 344 778 in
377 738 555 776 vibicibus
582 737 744 784 stagnans
773 735 953 783 putrescit.
1021 734 1126 772 Idem
1155 742 1277 774 tau-ren
1308 736 1421 773 vitalis
1458 737 1615 779 humor,
1648 738 1710 786 qui
1734 748 1752 773 a
1786 740 1909 788 quiete

306 799 554 847 corrumpitur
568 825 577 838 ,
600 808 618 832 a
641 795 756 834 nimio
774 795 882 831 etiam
903 798 1007 830 motu
1026 794 1070 832 ad
1090 795 1254 832 eamdem
1273 795 1454 844 putridam
1475 795 1641 833 indolem
1663 796 1780 843 vergit
1804 797 1901 846 (u),

305 867 348 897 ut
367 859 523 896 omnino
548 855 714 905 quaedam
746 854 784 890 in
812 854 967 890 circuitu.
998 853 1228 891 mediocritas
1261 855 1305 892 ad
1331 854 1511 902 sanguinis
1536 856 1781 903 integritatem
1811 867 1900 895 con-

306 916 512 959 servandam
544 916 754 963 requiratur.

392 977 428 1014 Si
453 974 655 1013 accuratius
677 974 856 1010 rationem
885 971 1115 1022 exquifiveris
1132 1001 1142 1017 ,
1173 985 1242 1023 qua
1267 981 1389 1013 motus
1407 975 1638 1024 putredinem
1655 979 1809 1019 avertat,
1837 975 1906 1017 du:

304 1035 441 1089 plicem
464 1035 701 1071 inveniemus.
764 1032 859 1069 Nam
892 1031 1132 1083 progreffivus
1162 1041 1284 1072 motus
1314 1035 1485 1072 intestino
1516 1034 1640 1073 resistit
1673 1035 1764 1082 (x)
1793 1065 1803 1080 ,
1834 1049 1904 1075 ne-

307 1108 379 1146 que
406 1095 495 1132 adeo
520 1093 602 1131 finit
626 1092 941 1130 fermentationem
959 1091 1127 1129 obtinere
1156 1093 1260 1142 (y),
1283 1106 1403 1143 neque
1419 1094 1492 1131 fere
1511 1093 1756 1143 putredinem.
1789 1095 1905 1135 Dein-

305 1155 351 1192 de
381 1154 494 1192 vitalis
520 1159 641 1191 motus
667 1150 870 1201 sanguinis,
893 1162 1191 1200 organorumque
1205 1152 1277 1190 sani
1306 1152 1669 1195 hominis‚hum0res
1685 1154 1903 1202 putrescibi-

304 1214 359 1252 les
386 1214 565 1252 continuo
588 1211 737 1262 expedit
762 1211 797 1248 ἃ.
819 1211 932 1259 abigit
955 1206 1015 1261 (z
1030 1210 1046 1257 )
1064 1239 1073 1253 ,
1097 1211 1133 1247 ὃς
1167 1223 1247 1261 quae
1269 1212 1313 1249 ad
1340 1211 1524 1249 urinosam
1562 1213 1800 1250 acrimoniam
1841 1226 1898 1251 ac-

304 1274 463 1316 cedunt,
496 1284 535 1311 ea
564 1284 628 1321 per
657 1278 847 1309 cutaneam
874 1269 1195 1319 perspirationem,
1218 1283 1283 1320 per
1313 1271 1477 1314 urinam,
1509 1282 1669 1321 cumque
1707 1270 1775 1309 alvi
1808 1271 1903 1310 faeci-

304 1334 370 1372 bus
410 1338 590 1382 expurgat
623 1332 659 1368 &
682 1332 792 1379 ejicit.

389 1392 460 1430 Sed
483 1404 601 1441 neque
627 1389 770 1429 miscela
790 1387 874 1440 (a)
902 1389 991 1428 nihil
1015 1389 1059 1428 ad
1087 1390 1318 1428 avertendam
1336 1391 1611 1441 corruptionem
1638 1390 1804 1435 confert,
1821 1403 1899 1441 quae

302 1451 345 1490 ad
374 1451 565 1501 particulas
592 1449 753 1499 adiposas
771 1478 780 1492 ‚
803 1447 1028 1498 urinosaeque
1052 1448 1183 1486 indolis
1219 1457 1431 1499 perpetuam
1463 1461 1593 1498 aquam
1622 1450 1809 1495 remiscet,
1834 1463 1896 1488 ne-

302 1523 373 1561 que
403 1509 483 1548 finit
506 1517 566 1548 aut
586 1523 628 1547 ea
664 1510 841 1547 elementa
876 1508 909 1546 se
933 1509 1128 1561 expedire,
1152 1520 1231 1559 quae
1258 1511 1296 1547 in
1331 1509 1417 1548 sales
1447 1509 1542 1545 abire
1584 1515 1668 1560 apta
1698 1508 1778 1547 sunt
1798 1536 1809 1554 ,
1843 1517 1904 1548 aut

303 1582 343 1608 ea
367 1599 377 1616 ,
409 1582 488 1620 quae
514 1569 646 1608 oleosae
675 1569 756 1607 sunt
779 1566 924 1607 indolis.

384 1694 418 1734 §,
456 1687 543 1727 XV.
598 1682 653 1726 Et
677 1696 807 1727 tamen
836 1682 1010 1726 humores
1041 1683 1095 1726 ad
1119 1682 1310 1741 urinofizm
1337 1695 1517 1727 naturam
1552 1679 1809 1740 disponuntur.

384 1807 551 1845 Priorum
575 1806 652 1844 haec
679 1808 856 1843 contraria
883 1805 996 1843 videri
1024 1805 1169 1857 poffunt
1186 1832 1197 1854 ,
1229 1818 1313 1844 cum
1340 1812 1461 1844 tamen
1490 1805 1668 1842 contraria
1703 1817 1780 1843 non
1807 1804 1887 1843 fint-

299 1865 448 1904 Sublato
476 1874 580 1903 motu
609 1864 834 1917 progreffivo
856 1865 1035 1913 sanguinis
1058 1864 1171 1903 subita
1194 1866 1350 1915 putredo
1383 1864 1536 1903 nascitur
1566 1859 1649 1910 (b)
1668 1889 1680 1907 ,
1703 1864 1890 1903 conserva-

298 1933 363 1969 to,
393 1927 429 1963 Sc
462 1926 564 1965 aucto
594 1925 727 1963 lentior
746 1954 755 1969 ,
782 1924 839 1962 sed
868 1931 963 1962 certa
987 1933 1109 1964 tamen
1134 1925 1178 1963 ad
1207 1926 1444 1963 acrimoniam
1469 1922 1740 1975 putredinosam
1771 1924 1891 1972 dispo-

1819 1981 1897 2020 sitio

376 2102 441 2137 (t)
460 2100 486 2131 R
501 2111 516 2131 ιζ
530 2111 548 2131 Α
561 2111 584 2132 u
597 2111 625 2131 Μ
638 2111 663 2133 U
675 2111 695 2135 R
718 2103 751 2131 de
769 2101 835 2131 l’art
855 2100 888 2129 de
902 2099 976 2138 sizire
996 2099 1080 2130 e'clore
1095 2101 1131 2130 les
1153 2098 1264 2140 oiseaux
1284 2099 1459 2138 domrstiques
1482 2095 1523 2127 T.
1549 2094 1593 2125 ΙΙ.
1615 2106 1645 2134 p.
1674 2108 1722 2133 44.

311 2223 317 2229 .
377 2143 450 2220 ἓξὲξ
470 2153 500 2222 Ξ,
517 2149 587 2218 232-
608 2148 691 2214 Sgriz
706 2195 723 2214 B
738 2195 754 2214 E
770 2195 787 2215 E
800 2194 821 2213 A
835 2194 854 2213 R
867 2194 883 2215 ε
910 2194 939 2222 p.
959 2195 1004 2222 57.
1030 2183 1135 2215 Etiam
1156 2193 1233 2223 aqua
1255 2181 1395 2221 stagnans
1414 2178 1581 2217 putrescit,
1606 2184 1694 2209 mota
1723 2178 1758 2208 ab
1791 2189 1828 2210 eo
1851 2177 1895 2208 vi-

295 2230 341 2255 tio
366 2225 509 2256 immunis
534 2226 585 2256 est.

378 2267 447 2303 (y)
476 2267 557 2297 Bon
571 2278 592 2298 R
606 2278 625 2297 n
639 2278 657 2298 Α
672 2277 747 2297 avr:
768 2269 853 2298 E‘em,
881 2269 971 2298 chem.
1000 2266 1108 2298 T.11.
1141 2277 1170 2306 p.
1197 2271 1266 2297 186.

376 2308 445 2340 (z)
471 2309 572 2341 Pam
586 2319 633 2340 ot.
647 2320 664 2340 Β
687 2309 705 2340 l.
730 2318 753 2340 e.
782 2319 812 2348 p.
833 2319 902 2346 4²9„
924 2308 1045 2349 Nempe
1068 2307 1289 2349 perspiratione
1312 2302 1465 2346 suppressa
1485 2306 1628 2337 humores
1652 2302 1795 2335 animales
1812 2310 1882 2332 cor-

294 2354 491 2430 mmm

374 2432 445 2468 (h)
466 2442 493 2463 n„
516 2443 564 2468 ¹4.
