1968 2706
302 171 380 209 313
475 127 587 200 ΗΒ.
608 156 689 200 171.
710 149 865 199 SECT.
894 155 1329 201 asmonlms
1367 161 1476 202 PER
1515 164 1819 206 AR-rEfflAS

298 258 410 294 liores
440 256 523 294 alias
541 283 551 303 ‚
587 256 688 305 quod
717 257 788 303 jam
817 251 988 295 Antonii
1014 268 1045 294 v.
1075 255 1370 294 LEEUWENH
1389 268 1476 294 osc
1495 270 1518 294 K
1549 264 1610 296 aut
1635 261 1821 304 inventum
1844 262 1911 301 fuit

303 316 392 365 (a)
411 344 420 359 ‚
454 323 513 353 aut
543 317 849 363 experimentum.
895 316 988 354 Inde
1014 327 1100 371 vero
1137 322 1198 354 aut
1229 317 1388 354 tenerius
1413 345 1423 359 ,
1465 316 1687 368 molliusque
1711 321 1909 369 coagulum

300 378 368 414 erit
384 404 393 419 ,
414 383 474 412 aut
496 373 636 411 denfius
652 400 664 418 ‚
695 374 962 425 robustiusque.
996 374 1041 411 In
1066 382 1189 413 tenera
1214 376 1381 423 virgine,
1401 376 1437 412 in
1456 374 1669 415 hominibus
1690 379 1908 427 pulmonem

298 435 456 473 debilem
483 434 592 471 uastis
609 461 618 476 ‚
644 435 682 470 in
709 434 865 472 animale
895 434 1012 472 multo
1044 433 1109 471 usu
1137 446 1240 484 aquae
1258 434 1469 472 laurocerafi
1494 434 1589 485 quasi
1607 446 1785 476 venenato
1820 435 1906 487 (b)

295 492 481 542 ejusmodi
507 492 705 530 delicatum
722 492 903 542 sanguinis
925 493 1124 542 coagulum
1147 493 1219 538 est,
1235 493 1383 530 rubrum
1400 501 1520 532 tamen
1541 520 1553 538 ,
1574 496 1787 534 &laetiffimi
1804 498 1906 536 colo-
1935 532 1947 534 r

300 557 345 591 ris
378 552 437 589 sed
466 553 587 590 minus
610 552 825 600 cohaerens,
852 552 1042 603 fluidoque
1072 552 1220 590 humori
1251 554 1438 604 proprius.

383 611 556 660 Denique
576 613 711 659 poterit
733 618 885 661 utraque
901 612 1082 660 sanguinis
1104 611 1253 649 densitas
1279 613 1456 660 conJ'ungi
1470 640 1481 655 ‚
1498 624 1633 664 nempe
1656 615 1691 651 δε
1711 613 1807 651 denfi
1822 615 1906 664 glo-

296 672 370 708 buli
387 669 454 707 effe
472 669 619 719 possunt
634 699 643 713 ‚
671 671 706 707 &
727 671 835 708 multi
861 684 868 708 :
888 672 1006 720 potest
1020 672 1126 709 etiam
1153 670 1338 720 utriusque
1364 671 1460 708 dotis
1477 671 1701 711 contrarium
1722 674 1902 712 obtinere.

292 730 347 767 Ita
372 732 408 766 in
436 730 534 767 aucla
557 737 708 778 utraque
739 730 912 768 densitate
935 731 970 767 Sc
996 733 1113 779 major
1143 731 1316 780 placentae
1358 730 1401 767 ad
1432 730 1549 767 serum
1583 733 1650 769 erit
1692 735 1836 780 portio,
1865 735 1901 770 Sc

290 790 459 838 placenta
487 789 560 837 ipsa
589 788 728 826 firmior
759 789 982 840 solidiorque
999 819 1008 833 ,
1033 790 1119 828 inde
1147 791 1182 826 ὃς
1207 795 1305 826 totus
1333 790 1477 837 sanguis
1495 791 1531 825 in
1561 791 1692 827 eodem
1713 792 1900 829 volumine

224 843 229 849 “
291 848 375 896 plus
409 847 558 885 habebit
581 847 778 898 ponderis,
813 849 846 885 ἃ
872 848 1037 898 placenta
1053 847 1195 886 seorsim
1230 847 1327 895 (c).
1365 849 1503 886 Contra
1529 850 1565 885 in
1585 849 1770 888 debilitate
1797 851 1899 888 chlo-

290 910 403 956 rotica
433 907 468 943 ὃς
498 907 563 944 seri
599 907 716 953 major
742 909 867 954 portio
897 909 948 946 est
966 935 978 952 ‚
1012 909 1048 945 &
1072 909 1135 956 qui
1161 907 1348 956 supersunt
1375 908 1519 955 globuli
1545 909 1582 944 in
1609 909 1756 946 mollius
1785 938 1794 952 ,
1825 911 1897 946 mi-

288 978 432 1016 nusque
455 965 602 1003 densum
635 964 836 1014 coagulum
862 967 1023 1011 abeunt,
1053 966 1157 1017 quod
1186 967 1383 1016 aliquando
1417 979 1489 1016 prae
1517 967 1661 1006 levitate
1689 968 1765 1006 sero
1796 970 1896 1006 inna-

287 1028 373 1063 tavit
400 1020 499 1075 (ἄ).
1029 1054 1032 1055 ⁷
1539 1021 1543 1023 ”
1909 1033 1912 1036 ’

375 1084 540 1122 Denfitas
564 1089 715 1132 utraque
741 1084 840 1121 unde
865 1082 1028 1122 nascatur
1051 1113 1060 1127 ,
1089 1086 1139 1122 est
1180 1091 1219 1122 ut
1251 1085 1486 1134 inquiramus.
1541 1086 1584 1123 ln
1618 1087 1797 1135 pulmone
1820 1087 1893 1126 san-

282 1145 435 1192 guinem
462 1143 630 1186 densari,
659 1145 782 1190 magni
811 1143 876 1179 viri
905 1144 1109 1190 conjed'tura
1140 1143 1208 1180 fuit
1246 1144 1334 1191 (e)
1355 1173 1364 1187 ‚
1396 1144 1498 1194 quod
1530 1145 1741 1193 sanguinem
1777 1148 1812 1182 in
1847 1159 1891 1185 eo

284 1203 420 1240 viscere
442 1205 620 1250 majorem
648 1203 773 1238 tritum
805 1203 877 1250 pati
900 1202 1063 1239 crederet
1088 1215 1096 1238 ε
1120 1202 1222 1252 quod
1248 1204 1284 1238 in
1315 1214 1445 1239 venam
1475 1204 1721 1251 angustiorem
1747 1205 1889 1252 sanguis

281 1263 327 1299 de
357 1263 538 1311 pulmone
565 1260 681 1297 redux
709 1262 956 1310 compingatur
983 1274 991 1297 :
1024 1261 1126 1311 quod
1151 1274 1171 1298 a
1196 1261 1373 1298 destruelo
1403 1260 1582 1311 pulmone
1602 1289 1610 1304 ‚
1635 1271 1696 1300 aut
1729 1265 1849 1301 inutili
1875 1291 1887 1310 ‚

280 1321 464 1369 sanguinis
486 1318 662 1370 phthifica
687 1321 840 1356 tenuitas
866 1322 1028 1357 nascatur
1074 1314 1155 1372 (f)
1179 1334 1186 1357 :
1225 1321 1326 1370 quod
1355 1321 1509 1369 piscium
1538 1323 1718 1359 minorem
1735 1352 1744 1366 ,
1770 1325 1805 1360 ὃς
1822 1326 1887 1360 mi-

278 1392 348 1417 nus
380 1380 525 1417 densam
552 1379 760 1430 placentam
790 1377 856 1415 effe
882 1379 1154 1427 persuaderetur
1188 1393 1195 1417 :
1231 1380 1332 1430 quod
1361 1379 1502 1428 sanguis
1546 1381 1733 1430 pulmonis
1763 1381 1887 1420 effica-

277 1441 371 1476 ciam
404 1438 519 1487 passus
547 1438 583 1473 in
610 1449 701 1475 vena
727 1438 833 1486 hujus
855 1438 996 1476 visceris
1033 1441 1145 1487 magis
1176 1440 1264 1492 (g)
1296 1438 1464 1488 undique
1492 1438 1560 1487 fibi
1580 1439 1700 1477 similis
1717 1466 1729 1485 ‚
1757 1442 1791 1478 &
1818 1441 1887 1479 flo-

275 1498 358 1535 rido
384 1498 518 1544 rubore
543 1495 614 1542 fit3
641 1497 744 1545 quod
776 1509 841 1546 per
871 1498 1092 1547 pulmonem
1117 1500 1266 1536 celerius
1301 1496 1443 1546 sanguis
1475 1500 1676 1536 circumeat
1698 1528 1706 1542 ,
1734 1500 1884 1537 eodem-

275 1569 348 1606 que
376 1563 544 1606 tempore
570 1556 692 1593 omnis
719 1557 832 1593 totius
853 1557 1016 1595 animalis
1033 1558 1175 1606 sanguis
1202 1555 1380 1596 circulum
1409 1557 1518 1597 obeat
1540 1584 1553 1602 ,
1577 1569 1653 1608 quo
1678 1571 1742 1610 per
1762 1566 1882 1598 totum

273 1617 442 1664 corporis
471 1615 651 1653 ambitum
687 1616 949 1653 circumfertur.

359 1674 496 1712 Adfinis
526 1674 695 1712 haetenus
730 1675 795 1712 alia
834 1676 974 1713 theoria
1013 1674 1061 1711 est
1094 1703 1105 1717 ,
1138 1686 1218 1724 quae
1244 1675 1456 1722 sanguinem
1493 1688 1512 1713 a
1544 1676 1683 1724 frigore
1728 1676 1879 1728 suscepti

271 1743 337 1780 per
361 1732 636 1782 respirationem
660 1734 749 1771 aeris
775 1732 811 1769 in
836 1735 1015 1782 pulmone
1043 1734 1229 1772 addensari
1256 1735 1390 1782 ponit,
1416 1734 1667 1784 plurimosque
1689 1763 1699 1777 ,
1731 1735 1773 1772 ab
1798 1735 1876 1784 ipso

250 1798 368 1829 retro
403 1791 634 1830 CARTESI
654 1804 676 1829 o
709 1786 781 1838 (h)
811 1792 974 1829 austores
998 1791 1116 1830 habet.

250 1883 254 1886 .
358 1849 495 1888 Contra
523 1855 716 1900 utramque
743 1850 962 1901 hypothesin
1003 1851 1150 1888 interim
1176 1849 1403 1890 observamus
1430 1881 1439 1895 ,
1479 1853 1516 1889 in
1545 1854 1638 1890 ranis
1670 1880 1680 1895 ,
1723 1852 1874 1903 aliisque

268 1910 481 1947 animalibus
524 1908 701 1957 pulmone
740 1909 819 1959 ipso
861 1908 1038 1947 destitutis
1070 1938 1081 1952 .
1129 1909 1386 1958 &globulos
1417 1910 1485 1948 effe
1525 1936 1537 1957 ‚
1582 1911 1618 1947 &
1650 1911 1873 1949 densabilem

267 1969 480 2018 sanguinem
515 1964 610 2016 (i).
672 1966 820 2007 Deinde
860 1967 985 2006 onmia
1023 1967 1145 2006 ulcera
1184 1970 1337 2018 perinde
1376 1969 1590 2020 sanguinem
1612 1969 1870 2015 diffololvere‚

1749 2041 1868 2079 neque

372 2084 417 2119 a)
443 2081 836 2114 Lnuuwznnozcx
859 2081 958 2121 philost
978 2081 1111 2122 tranfi1c7.
1144 2093 1173 2114 n.
1204 2092 1273 2122 ¹17·

379 2125 422 2160 b)
452 2122 487 2153 B.
517 2122 609 2153 Lm:
624 2134 757 2155 ontsn
785 2125 909 2165 plvfical
930 2132 1018 2161 exper.
1041 2132 1117 2162 upon
1143 2126 1245 2157 brutes.

345 2165 409 2201 (c)
437 2163 696 2196 Scnwnnxe
718 2176 748 2205 p.
774 2172 820 2202 38.

346 2206 418 2242 (d)
446 2205 567 2236 IDEM
597 2216 628 2244 p.
651 2216 718 2245 ¹7²·

346 2248 417 2283 (e)
445 2246 658 2278 Boanum
674 2258 690 2278 v
707 2259 723 2278 ι
746 2248 837 2288 Instit.
861 2249 903 2278 rei
922 2249 994 2279 med.
1020 2257 1050 2278 n.
1074 2257 1145 2278 200.
1172 2256 1240 2286 204.

344 2287 411 2364 (s))
440 2298 468 2317 n.
501 2297 568 2324 204.
592 2292 663 2320 261.
692 2290 810 2321 Praeleel.
834 2288 875 2322 T.
899 2288 939 2321 11.
972 2300 1003 2329 p.
1029 2298 1098 2328 223.
1117 2293 1191 2325 487.

342 2331 356 2366 (
432 2339 460 2359 u.
486 2339 556 2364 ²04·

344 2342 405 2405 (ἒ)
438 2374 483 2400 De
504 2369 620 2407 format.
636 2371 688 2410 fit,
715 2382 745 2412 p·
777 2378 845 2403 201·

344 2414 380 2448 (ι

392 2413 406 2448 )
429 2422 457 2450 p.
476 2423 519 2450 50.
542 2416 598 2443 xxc,
