1968 2706
265 172 346 209 342
413 132 1352 200 LlE.VI.SEGT1V.SANGuiN18
1401 159 1518 200 PER
1548 161 1756 200 VENAS

357 254 435 294 Tot
465 264 588 296 autem
613 268 632 292 a
655 254 765 293 causis
792 268 875 294 cum
902 255 1084 304 sanguinis
1108 254 1230 293 venosi
1254 257 1428 294 velocitas
1454 261 1639 300 mutetur,
1669 259 1704 295 &
1724 270 1807 296 cum
1833 270 1883 296 eae

272 314 387 354 causae
411 316 503 354 adeo
537 316 655 352 subito
683 316 874 353 nascantur
901 322 1010 365 atque
1035 315 1269 361 evanescant,
1296 316 1444 365 pondus
1474 314 1721 367 potissimuni,
1739 319 1882 357 muscu-

272 376 369 414 losus
399 386 520 414 motus
547 376 582 412 ἃ
612 375 820 424 respiratio,
850 387 932 413 cum
963 386 1077 424 porto
1110 375 1243 413 eaedem
1275 376 1387 414 causae
1418 377 1454 413 in
1485 376 1699 424 sanguinem
1734 377 1882 416 artesio-

271 436 349 474 sum
377 430 458 487 (l)
484 435 604 473 multo
630 437 751 473 minus
775 435 971 484 imperium
998 434 1179 479 habeant,
1208 448 1286 474 non
1318 437 1457 474 mirum·
1480 434 1595 473 videri
1624 436 1755 480 debet,
1780 438 1879 475 velo-

271 497 416 533 citatem
444 493 565 532 venoli
589 498 727 533 cruoris
752 524 761 539 ,
805 494 924 533 multo
967 506 1075 544 quam
1109 495 1269 533 arteriofi
1308 497 1543 534 incertiorem
1571 494 1639 534 effe
1657 525 1666 539 ‚
1703 497 1739 533 &
1764 497 1889 534 modo.

269 556 366 592 lente
393 566 456 599 per
484 567 590 592 venas
623 556 836 604 sanguinem
862 555 972 592 fluere
997 552 1123 604 (m),
1146 555 1294 605 quando
1322 556 1433 594 causae
1459 555 1639 594 tardantes
1658 563 1884 606 operantur„

270 615 386 651 modo
410 614 595 658 celeriter,
631 616 778 665 quando
807 614 1045 653 accelerantes
1068 614 1179 653 causae
1214 615 1419 665 praevalent.

379 739 412 781 g.
447 732 546 772 er
602 729 795 788 [Mensura
826 728 1038 774 celeritatis
1071 744 1147 789 qua
1166 728 1330 789 sanguis
1353 739 1429 788 per
1466 743 1588 773 ‘venas
1616 729 1735 772 redit..

351 855 526 893 Celeriter
555 853 771 901 sanguinem
797 856 831 890 in
859 856 1001 903 magnis
1033 853 1135 892 venis
1165 854 1335 897 moveri,
1363 852 1420 890 vel
1449 864 1550 890 venae
1576 854 1612 890 in
1641 853 1725 891 sano
1754 855 1873 893 homi-

261 926 307 951 ne
333 913 460 951 incisio
494 913 732 957 demonstrat,
758 913 802 951 de
830 926 899 962 qua
917 939 930 961 ,
968 916 1075 951 etiam
1108 914 1313 957 mediocri,
1339 924 1432 962 pene
1462 913 1635 952 arterioso
1671 914 1759 953 ialtu
1799 916 1874 952 fim-

261 975 341 1022 guis
365 974 440 1011 salit
467 972 481 1022 (
505 977 569 1019 n).
623 972 787 1011 Maxima
812 976 847 1009 vi
887 973 1099 1022 sariguinem
1121 986 1167 1011 ex
1205 985 1295 1012 vena
1326 973 1528 1011 umbilicali
1562 973 1726 1023 prosilire
1754 976 1843 1012 vidit
1861 1002 1872 1020 ᾖ

261 1036 323 1082 qui
356 1045 399 1070 ex
438 1033 604 1082 placenta
629 1034 767 1071 redibat
790 1033 844 1071 Cr.
873 1032 909 1071 D
925 1046 1016 1071 ENY
1032 1044 1048 1071 s
1073 1029 1215 1083 (7z*).
1261 1033 1332 1071 Sed
1365 1033 1570 1071 mensuram
1599 1034 1788 1072 celeritatis
1811 1036 1874 1072 ali-

259 1095 321 1142 qui
350 1087 520 1146 absolute
549 1102 588 1129 ut
626 1086 793 1136 vocant,
819 1100 1003 1131 tentarunt
1030 1094 1207 1138 definire,
1237 1102 1279 1131 ut
1306 1094 1374 1130 iter
1394 1092 1628 1136 metirentur,
1658 1095 1760 1143 quod
1797 1094 1872 1132 san-

258 1154 339 1201 guis
362 1156 400 1190 in
424 1166 514 1193 vena
538 1152 631 1191 intra
663 1153 787 1190 datum
818 1163 962 1202 tempus
986 1153 1147 1191 absolvit,
1204 1153 1276 1192 Alii
1316 1153 1424 1189 unice
1464 1154 1646 1190 rationem
1680 1152 1871 1191 celeritatis

258 1214 296 1249 in
318 1214 419 1250 venis
454 1214 497 1250 ad
529 1213 705 1250 sodalium
735 1215 944 1250 arteriarum
978 1213 1211 1252 velocitatem
1243 1211 1489 1263 quaesiverunt.
1539 1211 1659 1250 Facile
1690 1225 1776 1250 vero
1816 1215 1871 1251 in·

259 1273 436 1321 telligitur
457 1302 467 1316 ,
502 1272 673 1310 haetenus
703 1272 804 1321 posse
833 1274 974 1310 arterias
1008 1274 1186 1324 venasque
1215 1273 1327 1311 socias
1362 1274 1514 1315 vocari,
1550 1273 1586 1308 &
1622 1284 1744 1310 earum
1777 1271 1871 1310 cele-

258 1334 379 1369 titates
406 1334 643 1382 comparari,
675 1332 777 1381 quod
806 1333 958 1381 perinde
990 1334 1028 1369 in
1059 1335 1220 1371 minimis
1260 1332 1399 1370 venulis
1428 1331 1661 1381 minimisque
1691 1331 1868 1371 arteriolis

258 1404 299 1430 ea
321 1393 482 1430 celeritas
507 1393 660 1429 minima
676 1421 685 1434 ‚
721 1393 758 1428 in
780 1392 1031 1430 mediocribus
1060 1395 1165 1430 ramis
1192 1393 1377 1441 utriusque
1404 1393 1549 1440 generIS
1575 1393 1609 1429 ὃς
1633 1391 1707 1441 ipsa
1727 1393 1868 1430 medio·

259 1453 326 1490 cris
343 1480 353 1495 ,
386 1453 423 1489 in
456 1453 624 1489 maximis
648 1453 784 1489 truncis
811 1459 943 1490 lterum
966 1452 1126 1490 maxima
1150 1452 1210 1495 fit,
1267 1452 1309 1491 In
1336 1453 1472 1489 arteriis
1501 1452 1599 1488 enim
1618 1480 1627 1494 ‚
1662 1453 1714 1489 uti
1737 1464 1755 1489 a
1787 1465 1869 1490 cor-w

257 1513 302 1549 tle
333 1512 536 1555 recedunt;
563 1513 610 1549 ita
633 1511 844 1550 velocitates
868 1513 984 1549 minui
1012 1509 1115 1564 (ο),
1134 1514 1171 1550 in
1197 1514 1320 1556 venis,
1348 1513 1400 1549 uti
1421 1511 1466 1549 ad
1495 1523 1559 1549 cor
1581 1512 1734 1561 propius
1764 1525 1866 1550 acce-

256 1572 371 1614 dunt,
401 1573 448 1609 ita
472 1573 596 1620 augeri
623 1568 781 1609 vidimus
813 1570 911 1626 (13)-
982 1572 1145 1618 Quando
1168 1585 1254 1613 vero
1281 1572 1443 1610 absoluta
1469 1573 1640 1609 velocitas
1667 1573 1862 1620 quaeritur,

253 1632 382 1681 utique
407 1632 595 1669 addendus
625 1632 674 1668 est
702 1643 803 1669 venae
828 1640 1002 1677 truncus,
1029 1635 1068 1670 in
1096 1645 1171 1682 quo
1194 1634 1488 1681 experimentum
1512 1637 1660 1680 captum
1684 1631 1755 1673 est,
1779 1643 1864 1668 cum

247 1691 394 1729 inventa
423 1693 461 1729 in
495 1692 645 1730 brachio
676 1691 840 1730 celeritas
864 1704 986 1742 neque
1016 1694 1061 1731 de
1086 1704 1176 1731 vena
1210 1703 1294 1731 cava
1337 1703 1416 1729 vera
1450 1691 1492 1728 fit
1511 1716 1523 1739 ‚
1552 1702 1672 1740 neque
1701 1690 1746 1727 de
1775 1703 1872 1728 vena*

251 1752 289 1787 in
323 1751 443 1799 digito
472 1752 650 1790 nascente.

371 1810 467 1860 Ergo
493 1812 531 1848 in
553 1810 753 1848 absolutam
781 1810 930 1858 quidem
965 1811 1188 1850 celeritatem
1211 1809 1449 1860 inquisiturus
1467 1801 1662 1860 J'ohnmzes
1679 1808 1713 1845 T
1728 1823 1746 1844 A
1765 1820 1784 1845 a
1801 1821 1823 1846 0
1838 1823 1860 1846 iz

249 1882 379 1907 venam
408 1870 628 1909 valvulosam
658 1869 796 1907 brachii
820 1869 939 1917 digito
965 1871 1184 1921 conpresfit‚
1222 1872 1430 1917 iterumque
1457 1869 1616 1911 laxavit,
1647 1869 1694 1905 ita
1727 1868 1814 1906 vidit
1842 1881 1861 1907 a

250 1930 388 1968 valvula
413 1931 456 1968 ad
485 1930 663 1969 valvulam
681 1956 693 1974 7
729 1929 875 1979 pollicis
900 1929 1054 1979 spatium
1081 1932 1174 1969 intra
1202 1930 1323 1980 pulsus
1354 1928 1622 1977 tempusculum
1648 1940 1665 1965 a
1688 1927 1859 1977 sanguine

248 1990 384 2028 venoso
407 1992 569 2041 percurri
598 1990 686 2043 (q)
710 2016 721 2035 ‚
749 1989 856 2027 nimis
884 1998 978 2028 certe
996 1992 1113 2041 parvis
1140 1991 1287 2030 calculis
1318 1987 1408 2026 usus.
1456 1986 1525 2026 Etsi
1552 1989 1649 2027 enim
1680 1989 1740 2025 vix
1764 1995 1859 2026 certa

1778 2047 1857 2086 satis

324 2165 386 2199 (l)
410 2164 456 2195 De
479 2165 618 2203 ponde-ie
649 2175 676 2201 μ.
697 2176 765 2195 201.
787 2166 824 2196 de
849 2166 988 2196 musculis
1014 2177 1041 2206 p.
1070 2170 1140 2199 218-

323 2207 399 2241 (m)
422 2205 512 2243 QUE
530 2216 539 2234 x
554 2218 570 2234 N
588 2218 604 2235 A
619 2216 629 2234 1
660 2217 734 2235 ιειοη
766 2210 845 2237 anim
870 2218 898 2247 p.
921 2217 991 2245 233.
1018 2208 1064 2239 ed.
1093 2213 1154 2239 vet.
1175 2209 1202 2239 Sc
1222 2206 1352 2240 essuov.
1379 2204 1430 2246 T.¹
1445 2203 1504 2236 ῙῙῙ.
1528 2214 1558 2244 P·
1573 2212 1608 2241 47-
1618 2212 1639 2241 5·
1663 2204 1732 2240 4ὶῦ-

323 2250 335 2283 (
350 2250 397 2276 η)
424 2247 448 2278 L
460 2259 470 2275 r
484 2259 501 2276 N
513 2257 535 2277 D
551 2258 564 2276 ῑ
578 2259 594 2276 »1
628 2248 719 2277 Selrc'l.
740 2250 811 2278 med.
833 2260 864 2289 p.
891 2258 967 2288 5795„

317 2288 418 2323 (72²³)
447 2288 645 2327 Vrvedmesteer
672 2288 794 2327 P-'273-

312 2331 353 2366 (ο
369 2336 380 2365 )
400 2341 430 2370 p.
448 2340 515 2365 ωε.

312 2372 376 2410 (p)
398 2383 427 2411 P·
453 2382 505 2408 ³24

281 2434 283 2437 .
312 2416 384 2453 (q)
408 2416 505 2447 Exertx
524 2413 610 2444 Mul.
635 2423 662 2451 p.
686 2421 757 2449 1144
