1968 2706
292 159 376 200 με
576 143 686 191 ΠΒ.
724 146 805 191 VI.
828 134 984 190 SECT.
1017 145 1098 190 W.
1136 149 1401 190 SANGmNis
1437 149 1527 189 PER
1552 149 1712 190 vfiNAs

294 260 339 286 co
368 245 562 295 globulum
602 253 782 296 urgeant,
822 253 924 285 tanto
951 238 1068 295 major
1104 247 1142 283 in
1171 253 1303 284 trunco
1337 245 1510 283 velocitas
1543 244 1727 289 nascetur,
1762 245 1912 295 reliquis

292 306 424 345 iisdem
445 307 679 344 manentibus
697 335 708 351 ,
733 313 872 357 quanto
896 308 1010 355 majus
1038 318 1223 343 ramorum
1241 305 1387 348 lumen,
1407 306 1570 353 majorve
1601 305 1639 340 in
1666 304 1825 352 globulis
1856 316 1913 341 ra-

297 377 445 404 morum
475 366 654 403 numerus
683 366 733 404 est
749 396 758 409 ,
791 379 876 404 cum
902 365 1042 404 lumine
1060 394 1071 409 ,
1094 375 1326 413 numeroque
1353 364 1594 412 globulorum
1623 365 1740 400 trunci
1765 375 1914 413 compa-

297 432 404 464 ratus.
458 422 508 461 Ita
541 425 579 462 in
611 424 835 474 hydraulicis
867 431 1000 464 notum
1030 425 1080 462 est
1104 453 1113 467 ,
1148 423 1335 463 contraeio
1361 423 1522 460 fluminis
1559 422 1661 460 alveo
1690 422 1912 460 celeritatem

298 484 423 532 augeri
450 477 535 535 (f)
561 511 572 532 ‚
607 485 696 522 dum
723 487 816 524 vires
849 492 1042 522 moventes
1066 482 1254 522 sufficiant.
1308 482 1441 532 Neque
1478 485 1514 519 in
1556 493 1713 530 corpore
1753 482 1915 518 animato

302 543 550 591 exptrimenta
581 544 794 583 dissentiunt
818 542 914 598 (g)
946 557 1026 594 quae
1048 545 1086 581 in
1112 543 1284 581 ordinato
1314 549 1452 579 naturae
1477 553 1582 580 more
1617 540 1830 589 sanguinem
1858 551 1915 576 ce-

301 602 412 640 lerius
445 603 482 639 in
515 610 673 651 trunco,
704 617 813 653 quam
846 606 884 641 in
914 605 1047 647 ramis,
1078 605 1219 641 moveri
1250 600 1470 644 ostendunt,
1503 602 1618 650 inque
1655 601 1775 637 trunci
1815 604 1919 648 parte

303 661 451 710 angusta
486 663 636 701 celerius
653 690 665 708 ‚
693 676 804 713 quarn
826 664 863 700 in
879 664 999 701 latiori
1025 657 1083 711 (ἢ
1099 662 1123 712 ).
1171 661 1361 710 Ejusmodi
1387 671 1473 697 vero
1491 660 1586 696 hanc
1613 660 1918 696 accelerationem

304 721 373 759 esse
395 724 604 770 aequumest
620 724 760 761 creditu
777 749 787 769 ‚
814 731 855 760 ut
873 725 910 760 in
933 724 1061 775 primis
1086 723 1185 760 venis
1203 722 1363 759 minimis
1393 721 1501 758 unius
1516 717 1661 767 globuli
1688 717 1828 767 sanguis
1855 716 1918 753 ali-

304 788 442 830 quanto
472 781 626 826 lentius,
658 795 767 833 quam
800 783 839 819 in
871 784 1043 832 proxime
1075 783 1203 830 majori
1226 780 1398 819 trunculo
1416 777 1502 816 fluat
1522 804 1534 824 ‚
1561 779 1598 815 in
1626 777 1824 825 majoribus
1846 777 1916 812 ite·

304 851 386 878 tum
412 843 549 880 truncis
577 844 694 892 maJ'or
724 842 896 880 velocitas
921 841 963 879 fit
981 868 992 887 ‚
1015 853 1128 892 quam
1162 840 1314 891 quidem
1342 840 1379 876 in
1406 839 1505 876 venis
1535 836 1781 875 mediocribus
1815 831 1867 883 (i
1883 835 1916 881 je.

787 964 819 1005 5.
868 958 905 997 V
929 954 960 996 I.
1028 953 1166 1011 Causae
1209 953 1439 998 auxiliares.

738 1109 774 1146 ο
1013 1046 1206 1107 Musculz‘.

395 1170 485 1210 Haec
513 1170 644 1224 procul
675 1171 790 1209 dubio
815 1171 995 1221 potiffima
1019 1168 1124 1210 causa
1154 1173 1226 1216 est,
1252 1184 1332 1222 quae
1355 1167 1478 1208 venosl
1506 1168 1685 1218 sanguinis
1703 1171 1847 1203 motum
1872 1166 1920 1202 ita

309 1231 478 1279 adjuvat,
510 1239 549 1269 ut
572 1230 703 1280 absque
738 1243 777 1268 ea
805 1233 964 1268 minimis
1000 1230 1224 1279 potissimum
1260 1233 1299 1268 in
1328 1229 1411 1266 vafis
1440 1231 1581 1277 integer
1613 1227 1821 1264 continuari
1850 1236 1921 1261 ne-

310 1298 445 1341 queat,
467 1292 501 1328 &
527 1290 668 1328 videtur
698 1292 853 1328 omnino
876 1291 1057 1328 Creatoris
1081 1292 1251 1340 rapientia
1282 1291 1329 1327 ita
1359 1288 1448 1326 fines
1477 1300 1595 1324 rerum
1623 1282 1926 1333 contenperaffe,

309 1359 351 1388 ut
376 1351 543 1399 corporis
564 1351 780 1388 exercitatio
807 1357 991 1399 tamquam
1029 1351 1208 1388 auxiliaris
1246 1349 1366 1387 cordis
1406 1349 1570 1397 potentia
1595 1346 1711 1382 addita
1740 1342 1780 1381 fit
1799 1372 1808 1387 ‚
1851 1355 1922 1390 qua

312 1409 522 1448 destitutum
557 1421 622 1446 cor
652 1409 768 1446 solum
796 1409 860 1447 suo
888 1421 1041 1448 munere
1074 1409 1204 1458 aegrius
1233 1409 1416 1457 fungatur.
1469 1407 1553 1444 Sola
1582 1406 1682 1454 quies
1712 1403 1924 1440 animalium

311 1468 583 1506 hibernantium
610 1468 793 1522 sanguinis
823 1475 969 1506 motum
997 1471 1044 1506 ita
1065 1470 1198 1518 frangit
1217 1495 1229 1513 ‚
1259 1477 1300 1505 ut
1324 1479 1443 1516 neque
1467 1466 1586 1504 cordis
1610 1462 1730 1513 pulsus
1762 1460 1918 1499 sensibus

312 1527 441 1578 nostris
473 1528 505 1564 se
534 1527 662 1566 offerat
682 1524 732 1578 (le
748 1528 764 1575 )
783 1554 795 1572 ‚
834 1540 951 1578 neque
972 1529 1132 1566 calorem
1163 1539 1275 1577 porro
1293 1527 1499 1576 producat(
1517 1519 1572 1572 ἶ).

400 1585 499 1624 Hinc
519 1588 558 1623 in
580 1587 792 1625 hominibus
819 1588 1004 1627 sellulariis
1022 1617 1031 1631 ,
1065 1588 1302 1637 litteratisque
1323 1587 1406 1623 viris
1431 1586 1466 1622 &
1497 1594 1697 1634 regnorum
1726 1579 1923 1620 rectoribus

311 1646 483 1695 frequens
508 1646 854 1696 hypochondriacus
883 1647 1033 1684 morbus
1059 1644 1162 1698 (m)
1189 1675 1199 1689 ‚
1232 1657 1356 1694 neque
1381 1657 1465 1682 rarae
1486 1640 1772 1681 haemorrhoides
1800 1639 1889 1686 (n)
1907 1664 1920 1686 ‚

314 1717 398 1743 cum
430 1705 571 1754 sanguis
598 1707 635 1742 iu
663 1717 753 1745 vena
770 1713 958 1755 portarum
984 1707 1132 1754 stagnet.
1172 1704 1272 1742 Hinc
1299 1705 1342 1742 ab
1372 1703 1642 1741 exercitationis
1663 1699 1799 1737 defestu
1822 1698 1924 1735 oede-

315 1772 413 1804 mata
435 1793 447 1809 ,
474 1766 510 1802 δι
541 1763 722 1817 hydrops.
772 1765 864 1803 Inde
894 1766 1006 1803 nimia
1031 1764 1184 1804 obefitas
1216 1764 1415 1801 hominum
1441 1759 1596 1799 refidum
1629 1754 1715 1812 (p)
1737 1784 1748 1802 ,
1782 1758 1816 1795 &
1849 1758 1925 1852 ειίξ-

1822 1827 1880 1854 ma
1896 1828 1925 1853 1-

418 1935 481 1974 (f)
511 1935 539 1967 G
549 1946 572 1969 n
585 1946 604 1967 Α
615 1947 638 1978 v
648 1947 665 1968 E
679 1946 697 1968 z
709 1946 730 1967 A
744 1947 767 1967 N·
782 1947 812 1968 n·
822 1947 840 1968 ε
868 1938 949 1969 Elem
961 1958 968 1968 .
992 1937 1095 1976 phyfic.
1126 1937 1260 1970 mathem.
1291 1947 1321 1976 p.
1348 1942 1385 1972 48
1393 1948 1417 1975 ς.
1448 1934 1473 1971 J.
1493 1933 1532 1965 de
1555 1933 1581 1964 G
1595 1941 1614 1964 o
1628 1941 1651 1964 R
1663 1940 1686 1962 τ
1699 1941 1715 1961 ιε
1726 1940 1750 1963 n
1760 1931 1793 1961 de
1807 1927 1924 1969 perspir.

401 2022 413 2053 (
424 2021 469 2057 g)
494 2020 608 2050 Second.
629 2021 772 2051 Memoire
805 2019 882 2060 Exp.
912 2026 980 2050 12<.
1005 2020 1092 2052 cons.
1113 2019 1150 2050 M
1164 2031 1184 2051 ο
1197 2030 1250 2051 Rc
1264 2028 1285 2049 Α
1298 2028 1321 2049 Ν
1347 2019 1473 2050 mechan.
1490 2016 1622 2054 principl.
1651 2024 1682 2053 p-
1709 2017 1758 2048 78·
1787 2013 1873 2048 PYOI’·
1895 2017 1924 2040 6.

319 2058 503 2089 Bwrztss
539 2064 573 2090 de
595 2060 729 2101 venaefi‘c‘l.
752 2072 783 2101 p.
809 2072 856 2092 11.
888 2060 1138 2093 SCHWENKE
1162 2072 1191 2101 p.
1216 2072 1265 2096 29.

400 2101 467 2137 (IJ)
494 2103 558 2140 Οὐ]
584 2110 653 2132 ης.

404 2139 464 2179 (τ’)
491 2141 605 2173 SENA
618 2154 634 2172 c
660 2142 702 2174 T.
721 2142 762 2173 ΙΙ.
784 2153 815 2182 p.
839 2152 905 2182 175.
931 2142 1013 2173 conf.
1036 2143 1269 2182 pliaenomenon
1287 2142 1319 2174 in
1335 2141 1407 2180 phil.
1434 2137 1525 2178 tranfi
1544 2148 1575 2170 n.
1596 2143 1666 2171 460.

398 2183 465 2219 (k)
495 2181 587 2213 Conf.
610 2182 643 2213 L.
667 2183 725 2213 IV.
752 2194 778 2222 p.
801 2195 872 2221 437·
903 2184 1086 2215 Hans
1120 2182 1273 2224 Geschtchte
1286 2185 1337 2215 der
1363 2182 1474 2214 ehieren
1503 2191 1541 2219 p.
1562 2185 1609 2216 86.
1633 2178 1672 2211 de
1696 2175 1778 2210 mele
1810 2175 1919 2211 HA&

320 2232 396 2253 νει
422 2224 501 2262 apud
523 2225 662 2254 131ch
690 2223 731 2256 T.
755 2225 813 2256 lV.
846 2236 877 2264 p.
903 2235 972 2264 537,

403 2264 461 2301 (l)
496 2264 529 2296 L.
555 2265 614 2296 Vl.
643 2271 757 2304 11-298·
778 2277 845 2301 299.

402 2307 488 2341 (m)
512 2305 628 2337 Praeled.
659 2309 691 2336 in
713 2308 811 2337 Boerh.
845 2306 912 2343 [nli.
938 2307 980 2340 T.
997 2306 1060 2340 111.
1087 2317 1107 2348 p
1140 2317 1210 2347 497.

403 2348 478 2382 (π)
503 2347 582 2378 iisd.
603 2357 631 2386 p.
657 2359 723 2386 547.
758 2347 775 2376 S
788 2355 844 2377 ΤΔ
858 2357 910 2377 1-11„
930 2360 986 2380 von
998 2351 1047 2379 der
1060 2351 1186 2389 gilldnen
1208 2350 1278 2379 ader
1296 2358 1327 2387 p.
1356 2347 1424 2380 116.

401 2389 465 2426 (p)
494 2389 610 2420 Praelec'l.
633 2391 664 2419 in
688 2389 786 2421 Boerh.
812 2388 904 2429 Instit.
934 2389 976 2423 T.
1000 2388 1058 2422 111.
1080 2401 1110 2430 p.
1127 2396 1197 2427 498·
1222 2393 1251 2423 ὃς
1267 2388 1357 2428 hujus
1384 2388 1488 2428 operis
1520 2388 1556 2421 1..
1584 2385 1658 2426 1.p.
1679 2392 1725 2423 39·
