1968 2706
553 178 740 229 SEC'T.
794 183 871 227 ΙΙ.
935 162 1231 227 ὲΚΠΟΒέ
1621 201 1700 233 109

96 288 167 326 five
196 287 271 324 fere
307 287 360 336 ᾗ.
416 279 618 337 Philippus
655 283 945 320 VERHEYEN
987 282 1032 319 de
1063 281 1154 325 suo,
1200 281 1347 331 putrido
1388 279 1539 330 quidem
1572 294 1702 320 cruore

98 359 145 384 ex
184 346 361 384 drachmis
408 353 458 387 56
491 345 563 381 olei
594 342 690 380 crassi
728 342 843 388 (nam
873 339 1002 378 subtile
1037 341 1164 379 oleum
1195 341 1302 388 hujus
1338 342 1404 378 viri
1437 341 1514 379 aliis
1552 342 1701 380 auetori-

96 407 164 443 bus
190 407 331 456 spiritus
359 404 438 451 est)
473 403 634 439 obtinuit
676 400 865 449 scrupulos
904 400 988 437 ofto
1016 430 1027 445 ‚
1073 400 1145 437 five
1184 401 1287 449 supra
1331 407 1468 449 partem
1509 402 1552 450 g,-
1584 395 1686 452 (f)

98 459 309 503 Gualterus
346 463 611 500 NEEDHAM
648 472 693 497 ex
721 461 837 497 unciis
870 460 998 497 decem
1030 461 1152 507 grumi
1188 460 1232 496 de
1263 459 1426 497 humano
1453 459 1625 507 sanguine
1654 460 1702 496 se-

95 525 235 572 parati,
274 523 361 559 fecit
397 521 469 558 olei
497 521 653 563 unciam,
688 528 828 570 partem
853 519 944 558 adeo
970 516 1179 567 vigesimam
1201 519 1312 556 totius
1339 517 1541 566 sanguinis,
1570 517 1593 555 fi
1617 530 1701 567 gru-

95 583 147 622 mi
180 581 331 629 duplum
359 580 487 617 feceris
517 573 607 630 (fr‘
624 584 651 626 ).

182 640 353 689 Denique
387 639 639 676 esc-drachmis
678 647 730 684 34
757 638 940 686 sanguinis
977 633 1051 674 olei
1080 634 1206 673 elicuit
1233 636 1421 674 drachmas
1452 643 1545 679 tres,
1577 637 1630 673 vir
1653 649 1698 674 ex

92 700 157 738 suo
185 700 267 735 vitae
295 709 430 746 genere
457 698 627 735 haetenus
670 698 819 734 chemiae
847 698 983 747 peritus
1009 689 1204 749 Jolznnnes
1236 696 1556 734 COLEBATCH.
1609 694 1697 733 Haec

93 758 253 795 enormis
282 758 354 794 olei
380 758 487 806 copia
521 757 569 794 est
608 757 682 794 fere
722 754 765 807 72-
799 760 911 792 totius
951 756 1148 803 sanguinis.
1195 754 1374 803 Adparet,
1406 755 1498 791 adeo
1540 753 1697 793 diversos

91 823 241 854 eventus
265 817 303 852 in
333 815 389 854 Cl.
423 814 586 853 virorum
619 813 792 864 periculis
822 812 950 861 fuisse,
984 820 1024 851 ut
1056 814 1115 850 alii
1142 813 1215 849 fere
1241 813 1305 861 ἓξ,
1338 812 1397 850 alii
1431 825 1524 861 pene
1547 815 1582 863 Τῇ
1624 814 1695 850 olei

90 875 137 913 de
169 875 340 923 sanguine
380 874 618 911 extraherent.
673 873 798 912 Potuit
823 874 860 910 in
890 872 1076 910 nonnullis
1113 873 1372 920 experimentis
1407 872 1524 922 aliqua
1555 871 1695 921 spiritus

89 935 213 983 portio
240 935 277 970 in
321 933 479 970 carbone
515 932 698 981 sanguinis
727 931 867 969 haefiffe.
913 931 1077 982 Aliquod
1108 934 1218 969 etiam
1251 929 1444 968 discrimen
1481 942 1527 967 ex
1565 938 1692 974 aetate,

91 993 128 1030 &
152 999 439 1041 temperamento
461 1017 472 1038 ,
503 992 537 1029 &
566 993 650 1028 sano
668 1021 676 1034 ‚
716 1002 858 1039 aegrove
888 992 979 1028 statu
1010 1002 1138 1028 eorum
1167 989 1364 1028 hominum
1389 992 1689 1039 interpretamur,

90 1063 250 1101 quorum
282 1050 422 1098 sanguis
450 1050 494 1087 ad
523 1052 771 1102 experimenta
800 1049 981 1087 adhibitus
1011 1049 1088 1087 suit.
1122 1048 1325 1093 Videmus,
1347 1062 1395 1088 ex
1419 1049 1471 1088 Cl.
1502 1044 1693 1087 Brovvne

87 1109 354 1148 LANGRISH
391 1111 429 1146 in
455 1109 642 1146 adultioris
672 1109 835 1149 hominis
868 1108 1041 1156 sanguine
1073 1108 1145 1144 olei
1173 1109 1349 1155 majorem
1375 1110 1587 1158 portionem
1610 1109 1693 1146 fuis-

88 1170 123 1206 se
152 1165 246 1222 (g).
295 1168 399 1206 Idem
429 1169 482 1205 vir
513 1168 606 1209 Clar.
639 1168 677 1204 in
713 1167 813 1203 febre
841 1167 1014 1209 ardente,
1053 1166 1111 1203 die
1149 1165 1310 1203 secundo
1344 1166 1419 1204 olei
1455 1167 1580 1204 habuit
1617 1175 1692 1204 tan-

88 1235 190 1271 tum,
218 1229 304 1279 utss
339 1227 520 1275 sanguinis
553 1226 636 1264 ficei
673 1225 831 1264 efficeret
861 1221 960 1273 (ll).
1009 1218 1204 1279 Jolzannes
1235 1224 1304 1262 Co
1322 1237 1549 1263 LEBATCH
1583 1224 1690 1275 (i),

90 1288 190 1334 cujus
222 1285 386 1335 pondera
430 1285 593 1334 alioquin
629 1297 647 1323 a
683 1285 909 1334 reliquorum
942 1284 1161 1333 scriptorum
1199 1283 1425 1332 ponderibus
1455 1284 1689 1322 vehementer

88 1344 324 1389 dissentiunt,
352 1344 460 1381 habet
500 1344 574 1382 olei
612 1344 652 1380 in
686 1344 892 1382 scorbutico
925 1345 1136 1392 portionem
1172 1343 1352 1393 aequalem
1389 1343 1538 1380 decimae
1573 1345 1690 1381 :ertiae

87 1405 178 1456 parti
215 1404 421 1451 sanguinis;
453 1404 491 1440 in
525 1404 746 1442 rheumatica
775 1403 848 1440 fere
877 1398 940 1446 τὲ,
976 1404 1012 1439 in
1045 1402 1251 1441 chlorotica
1281 1404 1414 1451 pariter
1447 1400 1518 1450 γὲ,
1555 1403 1592 1439 in
1619 1402 1686 1451 hy-

86 1463 366 1512 pochondriaco
394 1461 545 1499 homine
571 1463 640 1508 3¹5,
667 1463 705 1500 in
736 1458 935 1499 tuffieulosa
968 1461 1101 1498 femina
1127 1458 1203 1499 fere
1225 1463 1290 1512 ἦ,
1316 1463 1353 1497 in
1373 1460 1574 1498 scorbutica
1594 1461 1687 1500 scro-

87 1522 237 1572 phulosa
260 1534 353 1570 aegra
372 1522 538 1570 perinde,
554 1523 590 1558 in
615 1522 786 1569 hysterica
804 1519 855 1570 ἐς,
875 1531 913 1556 m
941 1519 1178 1569 scrophuloso
1203 1519 1355 1560 homine
1374 1516 1429 1567 ἐξ,
1450 1520 1486 1555 in
1503 1519 1684 1568 phthifico

88 1579 160 1629 ἷζε,
197 1588 238 1616 ut
269 1581 424 1617 omnino
454 1582 581 1627 portio
607 1580 685 1617 olei
713 1582 870 1615 maxima
901 1577 986 1615 essct
1013 1581 1051 1614 in
1074 1579 1246 1626 sanguine
1274 1579 1436 1615 hominis
1466 1577 1684 1622 scorbuffici,

86 1639 236 1676 minima
269 1641 305 1676 in
334 1637 523 1687 phthiiieo.
572 1638 611 1675 In
643 1637 844 1686 podagrico
881 1635 1132 1675 ΡιΝΕιιυε
1172 1639 1280 1685 partis
1313 1635 1442 1675 oleosae
1470 1638 1603 1688 reperit
1631 1639 1685 1674 in-

86 1703 140 1733 ter
168 1697 212 1742 3¹5
248 1698 283 1733 δι
312 1696 363 1733 -'-.
413 1696 457 1733 ln
492 1696 619 1734 bubuli
667 1695 846 1744 sanguinis
890 1695 989 1733 libris
1025 1702 1182 1745 quatuor
1210 1722 1223 1739 ,
1260 1698 1297 1734 &
1333 1694 1555 1733 craffamenti
1585 1695 1686 1733 libris

314 1728 347 1747 ΖΙ

976 1754 982 1772 Ι

85 1755 236 1798 duabus,
260 1756 407 1793 fuerunt
433 1755 505 1792 olei
540 1755 720 1792 drachmae
741 1763 824 1797 tres,
847 1754 918 1791 five
952 1778 1016 1804 72-‘0
1042 1761 1102 1791 aut
1133 1761 1228 1791 certe
1244 1755 1308 1807 ῑὲῖ
1338 1765 1428 1804 pars,
1452 1754 1559 1792 valde
1590 1762 1685 1793 certe

86 1816 240 1862 exigua,
268 1814 295 1851 fi
324 1815 541 1864 reputaveris
572 1813 713 1863 spiritus
742 1826 789 1860 25
822 1814 943 1850 uncias
972 1812 1072 1850 fuiffe
1100 1807 1185 1862 (l).

180 1872 265 1910 Hoc
306 1885 351 1910 ex
382 1873 490 1916 oleo,
524 1873 560 1909 &
594 1884 642 1910 ex
676 1871 789 1926 pilis,
816 1873 923 1915 lana,
948 1871 1121 1920 ungulis,
1151 1872 1339 1909 lumbricis
1374 1871 1501 1915 serico,
1526 1871 1684 1910 stercore

83 1930 247 1969 humano
277 1933 391 1980 parari
419 1932 559 1980 potest,
594 1933 630 1968 ὃς
663 1942 709 1967 ex
747 1930 867 1969 viliori
893 1930 978 1968 oleo
1005 1931 1185 1978 sanguinis
1217 1931 1351 1967 cervini
1380 1932 1536 1968 omnino
1566 1931 1684 1979 parari

83 1988 202 2036 solet,
230 1989 370 2030 celebre
393 1990 484 2028 illud
513 1985 614 2043 (m)
647 1985 816 2032 animale
841 1985 967 2028 oleum
995 1988 1062 2026 D1
1079 2000 1259 2026 ppssrn.
1299 1988 1381 2028 Sive
1401 1986 1616 2038 sanguinem
1644 1991 1682 2026 in

928 2047 964 2088 O
998 2057 1019 2092 3
1543 2048 1680 2099 aquoso

168 2145 228 2190 (f)
249 2147 271 2178 1.
283 2157 307 2176 c.
327 2156 356 2185 p.
374 2148 421 2182 372

165 2185 252 2223 (f*)
277 2189 295 2217 l.
316 2197 342 2217 c.
370 2198 400 2225 p.
416 2196 487 2224 235r

166 2226 232 2264 (g)
254 2238 282 2265 p.
304 2234 352 2263 80.
371 2229 430 2267 seq.

164 2266 234 2303 (h)
258 2267 334 2299 Ibid.

164 2306 224 2343 (ζί)
245 2319 274 2346 p.
293 2312 360 2344 416·
378 2310 460 2352 seqq.

164 2347 225 2384 (l)
249 2350 267 2378 1.
283 2359 309 2378 c.
328 2360 358 2388 p.
386 2361 433 2388 ςο.

164 2387 243 2425 (111)
265 2392 414 2420 Breslauer
425 2390 597 2429 samluugen
622 2397 710 2427 1718·
723 2390 768 2424 M.
782 2391 907 2429 januar.
931 2391 958 2422 S.
983 2390 1101 2422 Cant.
1126 2394 1276 2422 Commerc.
1296 2390 1352 2421 Lit.
1367 2389 1462 2420 Noric,
1487 2398 1572 2425 1733·
1586 2398 1615 2418 n.
1633 2398 1681 2426 3¹·

81 2428 274 2462 Rumam
299 2431 372 2462 ibid=
395 2441 482 2467 1734.
504 2442 532 2462 n.
548 2443 577 2468 4.
