1968 2706
414 192 669 234 MOTUS
739 190 1304 232 PROGRESSIVUS.
1607 210 1690 248 34,

77 301 185 330 terno
215 292 343 328 itinere
372 291 416 328 ad
446 301 535 332 cor,
572 296 633 326 aut
657 287 701 326 ad
730 295 848 338 partes
876 293 1055 325 extremas
1098 288 1213 331 ferri,
1240 288 1277 326 δε
1308 289 1347 325 in
1377 281 1553 328 {enarum
1583 292 1690 341 syste-

76 359 174 389 mate
197 349 391 398 conpofito
420 350 570 387 demum
584 355 691 384 motu
705 373 718 391 ‚
733 349 867 399 partim
888 346 1095 395 legitimum
1125 350 1193 385 iter
1215 355 1339 386 tenere
1364 377 1374 391 ,
1401 350 1532 398 partim
1576 351 1697 400 legiti-

78 423 143 448 mo
181 410 404 447 contrarium
434 405 493 461 (q
513 407 542 454 ).
591 406 689 445 Cum
719 406 946 444 oscillatione
975 418 1099 455 pugna
1136 409 1399 446 contrariarum
1439 409 1697 449 columnarum

82 481 160 508 non
188 481 269 507 raro
301 469 541 516 conjungitur
572 465 684 513 (r).
745 465 864 504 Etiam
889 463 966 503 hoc
994 478 1071 504 nou
1103 478 1222 504 raruzn
1245 467 1334 510 est,'
1361 467 1443 516 post
1464 468 1560 506 hanc
1587 470 1693 507 oscil-

78 526 259 567 lationem
287 525 434 565 motum
458 526 663 563 naturalem
690 526 825 563 restitui
854 524 938 573 (s)
963 553 973 568 ,
1003 526 1153 574 quando
1179 537 1303 577 pugna
1323 525 1522 575 praeceffit,
1550 540 1597 566 ex
1619 541 1690 579 qua

81 589 255 626 columna
280 586 441 635 sequens.
462 585 625 622 naturale
659 584 841 632 sanguinis
874 585 941 622 iter
969 584 1131 633 superior
1158 587 1256 622 exiit.

171 645 265 691 Qiae
289 645 326 681 in
350 644 574 682 animalculis
591 644 714 692 frigidi
738 643 922 691 sanguinis
952 642 1050 688 vidi,
1084 656 1214 682 eorum
1238 644 1357 694 aliqua
1381 645 1570 684 manifesto
1593 648 1700 685 etiam

82 708 121 743 in
136 705 288 743 homine
304 704 430 742 locum
445 704 582 741 habent
602 729 613 748 ,
628 715 712 740 cum
728 703 820 740 nihii
846 704 885 739 in
908 711 1031 741 natura
1058 703 1236 751 ejusmodi
1261 703 1472 742 animalium
1491 703 1534 742 fit
1561 734 1571 749 ‚
1602 706 1706 755 quod

83 776 123 803 ea
137 765 383 814 phaenomena
403 775 421 800 a
435 763 559 800 calidis
581 762 796 800 animalibus
821 769 965 800 avertat.
1001 761 1060 799 De
1076 762 1315 800 retardatione
1334 763 1485 813 dubium
1500 776 1577 802 non
1604 765 1705 803 vide-

85 832 168 868 tur,
191 835 299 873 quam
314 824 351 860 in
373 823 473 860 venis
497 822 743 860 mesentericis
757 822 920 858 animalis
942 821 1130 859 manifesto
1154 823 1276 860 videas
1292 847 1304 865 ,
1322 823 1381 858 cui
1397 822 1580 860 abdomen
1602 836 1704 873 aper-

85 892 165 921 tum
188 883 246 920 est.
286 881 402 928 Quies
424 881 567 918 videtur
583 883 620 918 in
639 879 823 918 submerfis
838 909 847 923 ,
863 879 1118 931 suffocatisque
1135 881 1260 919 locum
1279 879 1440 918 habuisse
1458 905 1472 925 ,
1499 883 1535 919 &
1550 884 1697 932 quoties

91 954 214 992 neque
236 940 357 990 pulsus
385 939 562 989 superest,
590 952 709 989 neque
735 940 923 988 respiratio
966 934 1062 991 (t).
1127 939 1321 991 Relapsum
1359 940 1541 988 sanguInis
1576 941 1702 981 venosi

92 1003 130 1038 in
163 1002 315 1038 minima
338 999 482 1037 videtur
516 999 759 1037 demonstrare
788 998 933 1048 pudor,
964 1000 1151 1049 ruborque
1178 1011 1354 1048 genarum
1383 1028 1394 1042 ‚
1427 1011 1538 1049 quem
1568 1003 1703 1040 arteria:

90 1062 155 1098 vix
188 1067 328 1097 tantum
360 1056 567 1096 efficerent:
597 1059 766 1095 distentio
805 1070 979 1096 venarum
1007 1059 1241 1096 minimarum
1275 1059 1536 1097 intestinalium
1568 1064 1606 1099 in
1638 1060 1703 1097 he-

91 1120 186 1169 patis
203 1147 213 1162 ,
241 1125 302 1155 aut
332 1129 433 1155 venae
451 1118 495 1154 ad
525 1127 646 1168 portas
673 1116 922 1154 obstructione
942 1146 952 1161 ‚
988 1118 1304 1156 haemorrhoidum
1341 1119 1505 1166 inprimis
1540 1118 1661 1158 fluxus
1687 1148 1698 1162 ,

91 1190 168 1228 quo
188 1176 280 1215 nihil
309 1176 527 1215 manifestius
553 1177 628 1219 est,
658 1176 814 1225 indeque
841 1182 967 1212 natum
997 1177 1261 1214 obstrustorum
1286 1177 1491 1214 abdominis
1523 1179 1702 1217 viscerum

93 1238 285 1282 levamen3
314 1244 393 1273 tum
417 1246 519 1273 venae
541 1235 658 1273 incisae
678 1235 814 1273 subitus
842 1232 989 1274 effectus
1022 1236 1060 1272 in
1080 1235 1261 1273 suffocatis
1284 1237 1319 1273 ὃς
1339 1235 1510 1282 suspensis
1527 1262 1538 1281 2
1568 1238 1703 1288 quibus

91 1296 236 1345 sanguis
265 1295 304 1331 in
327 1295 486 1332 auricula
511 1295 638 1332 dextra
657 1324 666 1337 ,
695 1306 785 1332 vena
825 1306 910 1332 cava
939 1293 1116 1343 sup2ri0ri
1144 1321 1155 1339 ‚
1193 1308 1282 1332 vena
1311 1294 1470 1343 Jugulari
1489 1321 1501 1338 ,
1535 1297 1707 1334 collectus

93 1367 162 1405 per
187 1354 318 1391 vulnus
339 1354 541 1392 abducitur.
587 1353 742 1404 Relapsa
775 1353 895 1403 posito
921 1353 1021 1403 sequi
1040 1353 1182 1391 videtur
1201 1355 1377 1392 oscillatio
1396 1381 1405 1396 ,
1431 1358 1707 1407 quamprimum

97 1425 233 1462 nempe
251 1442 260 1456 ‚
284 1414 322 1449 in
338 1413 520 1462 exemplo
547 1413 686 1461 sanguis
715 1439 728 1457 ,
771 1413 815 1452 de
857 1412 1160 1451 haemorrhoideis
1195 1416 1296 1450 venis
1326 1415 1363 1449 in
1398 1413 1607 1460 legitimum
1637 1417 1707 1452 iter

99 1473 221 1517 redit,
252 1479 362 1522 atque
388 1472 526 1523 hepatis
546 1474 638 1510 viam
667 1473 806 1521 repetit.
854 1471 899 1509 In
918 1473 1021 1509 omni
1046 1474 1154 1510 etiam
1174 1471 1388 1510 anastomofi
1403 1501 1413 1516 ‚
1436 1475 1581 1521 quoties
1602 1474 1709 1511 aliam

97 1545 118 1570 a
144 1533 259 1581 priori
294 1530 532 1569 directionem
570 1532 713 1581 sanguis
744 1533 895 1581 adoptat
928 1531 1014 1579 (ze)
1040 1532 1310 1570 oscillationem
1337 1531 1543 1582 praeceffiffe
1571 1534 1711 1583 proba-

96 1591 172 1630 bile
210 1591 268 1627 est.

189 1649 486 1695 Obstructionem
505 1677 517 1693 ‚
538 1658 578 1688 ut
607 1651 837 1699 pathologici
866 1652 989 1699 potius
1004 1652 1208 1699 argumenti
1232 1679 1241 1692 ,
1267 1651 1401 1688 omitto
1419 1679 1428 1693 ‚
1447 1651 1710 1700 laudaremque

101 1709 301 1758 plurimum
330 1710 403 1757 ejus
435 1709 500 1746 viri
527 1710 689 1747 laborem
715 1740 725 1753 ,
758 1713 820 1766 qui
849 1708 1063 1747 confirmare
1095 1707 1305 1758 susciperet,
1323 1716 1468 1757 ‘quanta
1485 1721 1655 1748 venarum
1675 1711 1713 1746 in

103 1768 350 1806 obstrufflone
370 1796 380 1811 ,
404 1767 439 1804 &
472 1768 760 1807 inflammatione
784 1781 864 1818 pars
888 1767 930 1805 fit
959 1797 970 1812 ,
1018 1780 1111 1817 quos
1143 1780 1215 1817 ego
1250 1769 1398 1806 morbos
1426 1770 1546 1808 multo
1573 1769 1713 1807 facilius

104 1827 290 1865 crederem
311 1826 485 1875 explicari
511 1827 610 1877 poffe
626 1853 638 1875 ‚
664 1827 689 1865 fi
719 1830 875 1866 omnino
891 1839 968 1866 non
993 1829 1031 1865 In
1048 1829 1183 1867 arteriis
1197 1856 1208 1873 ,
1231 1827 1349 1875 multo
1369 1830 1481 1868 rarius
1496 1828 1683 1867 obstruens
1699 1853 1713 1877 ,

103 1886 165 1924 sed
193 1887 232 1923 in
250 1886 349 1924 venis
379 1885 481 1923 causa
504 1887 588 1924 mali
613 1896 834 1936 quaereretur
868 1884 1006 1940 (wl‘).

883 2003 924 2044 X
954 2017 980 2043 x
1045 2014 1067 2057 3
1512 2009 1546 2052 s.
1569 2005 1715 2047 xvm.

189 2119 205 2154 (
242 2119 256 2153 )
276 2117 349 2155 EKP·
373 2126 439 2154 ¹37·

193 2128 262 2195 (Ξ)
287 2159 455 2196 Exp.125.
481 2167 549 2195 134.
571 2170 638 2197 ¹37·
660 2167 810 2194 υκαι..
826 2155 917 2190 conf.
941 2169 970 2198 p.
991 2170 1040 2195 90-
1062 2162 1153 2196 9¹-&
1170 2159 1242 2192 Ant.
1269 2169 1299 2193 v.
1327 2160 1715 2193 Lunwwnonex

114 2203 218 2232 ccvi-tin.
242 2210 372 2231 arcanor.
397 2205 495 2230 natur.
518 2211 551 2240 p.
578 2206 650 2233 τιό.
691 2199 845 2231 alum
859 2208 877 2229 G
892 2211 934 2231 31
951 2201 1088 2241 pcsthum.
1121 2211 1152 2241 p.
1176 2211 1225 2240 92,
1257 2201 1404 2235 Hau-as
1425 2202 1565 2242 haemqssm
1594 2203 1627 2236 in
1643 2213 1712 2243 my-

111 2245 188 2274 ttzlo.
1369 2258 1375 2264 „

193 2281 257 2318 (s)
283 2281 363 2320 Exp.
384 2291 449 2317 129.
475 2287 542 2319 ἴῃ.

196 2323 385 2359 (t)-Fus1us
409 2323 442 2354 L.
463 2321 555 2357 VIII.
577 2325 808 2357 haec‘dicentun

195 2367 270 2400 (u)
292 2375 321 2403 p.
348 2373 414 2403 337.
438 2371 505 2404 338.

201 2406 300 2443 (·u*)
325 2405 394 2437 Huc
422 2406 630 2444 Quasnam
655 2409 688 2439 de
710 2406 861 2449 lasaigm'e
882 2410 929 2444 ed,
956 2418 1030 2451 nup.
1054 2420 1082 2452 p.
1101 2417 1169 2450 557,
