1968 2706
277 164 358 201 310
448 133 837 188 fflRVLSEC‘T.
860 142 932 184 HJ.
965 143 1299 187 SANGU1N18
1339 145 1454 187 PER
1485 148 1793 204 ART-ERIAS

272 261 350 288 non
377 245 519 286 dudum
554 240 800 292 exposuimus.
864 240 909 278 In
934 241 1114 291 pulmone
1149 242 1166 290 (
1179 237 1236 295 p)
1268 242 1360 280 nihil
1408 240 1566 282 omnino
1608 247 1789 297 privilegii
1832 250 1882 286 vi-

274 310 345 348 deo
366 334 378 353 ‚
411 318 475 346 cur
501 305 614 351 magis
637 330 648 345 ‚
678 313 787 350 quam
815 300 882 339 alia
921 303 1087 351 corporis
1128 301 1291 340 animalis
1327 304 1503 352 particula
1531 304 1575 342 ad
1613 305 1786 353 globulos
1820 320 1881 358 pa-

273 368 406 407 randos
439 373 542 414 aptus
565 361 614 398 fit.
651 359 752 400 Nam
783 362 818 399 8(
846 359 976 410 absque
1008 362 1191 410 pulmone
1227 362 1266 398 in
1297 362 1451 411 piscibus
1476 392 1486 406 ,
1528 364 1564 401 &
1593 376 1677 401 cum
1703 366 1880 414 pulmone

274 429 411 478 exiguo
431 424 468 462 in
494 423 727 472 serpentum,
750 431 917 459 ranarum
938 421 975 458 &
1006 421 1225 460 lacertorum
1251 432 1384 469 genere
1406 451 1414 466 ,
1434 423 1470 459 &
1499 421 1537 460 in
1561 423 1664 472 pullo
1689 435 1769 462 aere
1791 437 1882 463 non-

275 489 363 527 dum
399 486 566 526 fruente,
595 492 715 530 neque
745 480 963 531 pulmonem
990 481 1097 518 ullius
1147 480 1313 519 efficaciae
1338 481 1492 520 habente
1536 481 1626 519 simil
1643 484 1708 519 imi
1739 484 1884 532 globuli

275 552 443 598 parantur
470 544 526 597 (q
543 543 573 591 ).
619 539 751 590 Neque
780 542 817 578 in
845 538 1028 578 celeritate
1062 540 1243 590 sanguinis
1271 539 1468 592 pulmones
1518 543 1733 592 permeantis
1778 542 1885 592 quid-

276 617 384 656 quam
418 604 599 654 peculiare
628 598 722 643 esse,
753 599 815 638 suo
854 600 942 637 loco
974 600 1204 638 ostendemus
1251 600 1363 650 (r),
1401 601 1561 640 excitato
1592 603 1737 640 interim
1775 613 1885 652 expe-

273 668 431 704 rimento
465 663 589 700 nostro
605 686 618 704 a
648 671 724 709 quo
755 659 846 697 nihil
867 658 981 697 fimile
1011 658 1172 698 constitit
1194 659 1240 711 (s
1256 662 1287 709 ).
1563 690 1613 696 Q

361 723 488 763 Multo
519 723 670 759 demum
702 720 783 757 virae
813 719 964 763 labore,
998 719 1187 770 cordisque
1218 722 1255 758 &
1291 720 1455 758 vasorum
1491 722 1587 759 lenta
1627 732 1737 769 opera
1772 718 1853 770 (t)
1873 746 1892 765 ,ξ

274 784 450 836 globulos
481 782 597 832 parari
628 779 749 829 aliqua
785 779 930 818 suadere
962 779 1130 818 videntur
1154 810 1163 825 ,
1194 779 1365 831 plethora
1405 782 1584 820 menstrua
1623 780 1703 828 post
1743 791 1791 825 23
1824 780 1887 817 de-

275 856 377 884 mum
411 843 487 882 dies
516 846 638 879 renata
664 851 672 876 :
701 837 819 888 pallor
839 839 1031 877 diuturnus
1050 866 1062 884 ‚
1083 841 1146 889 qui
1167 841 1349 890 sanguinis
1369 852 1537 889 magnam
1559 838 1730 887 jasturam
1752 851 1888 889 quam-

276 916 423 955 (unque
447 902 606 951 sequitur
624 926 634 942 ‚
664 898 762 936 lente
788 905 885 936 certe
916 898 1137 950 superabilis·
1182 899 1227 937 Et
1252 907 1371 937 tamen
1403 901 1478 937 aliis
1500 901 1721 948 argumentis
1750 900 1886 936 evinci-

276 972 333 1003 tur
350 995 360 1010 ,
377 972 582 1012 paucorum
614 958 780 1002 dierum,
804 960 840 996 δι
867 959 993 1002 un1ci,
1031 970 1123 1008 opus
1148 958 1227 997 esse.
1291 959 1332 997 In
1370 959 1473 1007 pullo
1501 958 1674 997 incubato
1702 959 1796 996 intra
1831 970 1890 1005 50v

277 1026 381 1063 horas
420 1020 562 1059 rubedo
595 1017 744 1068 adparet
773 1013 861 1071 (u)
881 1045 894 1062 ,
921 1017 1082 1066 globulis
1113 1020 1242 1069 utique
1266 1018 1380 1057 rubris
1414 1018 1529 1064 fadia,
1563 1019 1625 1068 qui
1660 1019 1697 1055 in
1726 1017 1886 1069 pelluci-

277 1084 350 1128 do,
387 1082 425 1119 &
450 1081 536 1119 albo
566 1080 642 1117 fetu
670 1077 760 1115 adeo
793 1090 911 1127 nuper
936 1078 1010 1115 nati
1039 1078 1133 1115 sunt.
1199 1077 1241 1116 In
1265 1079 1357 1116 ranis
1384 1078 1625 1127 exsanguibus
1659 1078 1788 1116 unicus
1817 1077 1891 1115 bo*

277 1155 344 1182 nus
375 1142 492 1192 pastus
523 1138 739 1179 rubedinem
767 1138 806 1175 in
838 1138 972 1176 arteriis
1005 1137 1173 1187 venisque
1193 1139 1356 1176 restituit.

489 1264 522 1306 §-
565 1254 698 1296 XVII.
745 1251 879 1306 Rubor
906 1251 1009 1294 unde
1047 1250 1237 1308 nascatur.
1275 1250 1517 1310 Hypotlzefts
1552 1250 1694 1295 varice..

373 1380 416 1419 In
444 1379 527 1417 sano
557 1377 709 1414 homine
741 1374 882 1424 sanguis
905 1372 1075 1412 laetiffime
1106 1374 1236 1418 rubet,
1269 1377 1367 1414 idem
1392 1377 1430 1413 in
1457 1374 1657 1418 cadavere,
1693 1374 1781 1412 &in
1811 1373 1878 1411 vess

279 1443 359 1485 nis,
381 1441 416 1477 &
447 1441 486 1476 in
513 1438 650 1474 arteriis
682 1434 838 1472 obscuro
864 1434 992 1472 colore
1020 1434 1184 1481 tingitur.
1251 1435 1279 1472 A
1315 1437 1438 1485 quiete
1478 1435 1588 1473 rubor
1624 1435 1741 1483 perit,
1776 1433 1884 1471 etiam

280 1501 368 1538 dum
400 1496 532 1536 animal
559 1495 668 1532 vitale
698 1494 859 1542 superest.
927 1494 1078 1542 Sanguis
1116 1495 1152 1529 in
1183 1493 1394 1531 cellulosam
1427 1494 1534 1531 telam
1568 1492 1696 1530 effusus
1728 1493 1893 1540 nigricat

279 1561 398 1610 primo
418 1584 430 1602 ‚
453 1553 586 1594 deinde
611 1583 620 1597 ‚
651 1562 691 1591 ut
721 1555 758 1590 in
791 1552 963 1590 cadavere
986 1582 996 1596 ,
1025 1553 1063 1588 in
1095 1558 1203 1590 tenue
1240 1552 1446 1602 flavumque
1481 1554 1668 1602 liquamen
1710 1552 1791 1589 abit.
1841 1549 1893 1587 In<

279 1618 438 1667 globulis
467 1615 580 1654 rubor
607 1620 708 1650 certo
740 1611 867 1650 residet
887 1642 897 1656 ‚
921 1612 981 1650 sed
1007 1612 1203 1661 quomodo
1230 1613 1266 1650 in
1292 1626 1349 1651 eas
1373 1612 1567 1661 sphaerulas
1596 1611 1847 1650 introducatur
1870 1634 1884 1658 ,

281 1679 318 1716 id
341 1676 490 1728 quidem
521 1679 670 1725 oportet
705 1671 902 1709 ostendere.

369 1736 398 1773 A
422 1735 537 1783 figura
564 1731 717 1780 globosa
748 1743 823 1768 non
845 1730 993 1782 pendet.
1048 1729 1144 1768 Nam
1178 1731 1213 1767 ἃ.
1238 1731 1274 1767 in
1295 1729 1382 1768 laete
1409 1730 1552 1779 globuli
1574 1730 1654 1767 sunt
1677 1755 1686 1772 ‚
1707 1728 1767 1766 sed
1787 1727 1856 1766 albi
1874 1728 1891 1771 ’,ζ

283 1798 317 1834 &
341 1797 379 1833 in
404 1795 509 1844 adipe
538 1791 720 1841 pellucidi-
773 1789 920 1827 Deinde
957 1801 1025 1842 per
1056 1787 1306 1838 experimenta
1336 1789 1388 1828 111.
1420 1789 1608 1827 ELLERI
1643 1787 1841 1826 ostenditur
1873 1811 1886 1834 ‚

282 1856 318 1892 δι
347 1854 553 1893 conservata
578 1850 691 1898 figura
714 1848 960 1897 globulorum
990 1847 1160 1887 colorem
1191 1849 1308 1900 perire
1335 1875 1347 1893 ‚
1381 1849 1416 1885 ἃ
1449 1856 1575 1886 contra
1602 1853 1737 1885 mutata
1771 1843 1889 1896 figura

282 1915 454 1952 ruborem
502 1921 661 1948 manere.
715 1907 759 1946 Et
797 1909 918 1958 primo
949 1908 1092 1957 globuli
1132 1919 1149 1944 a
1186 1908 1254 1946 sale
1298 1909 1528 1946 ammoniaco
1562 1907 1674 1955 (x)
1711 1906 1815 1954 longi
1854 1905 1891 1942 δι

1790 1963 1892 2015 plani

365 2087 436 2125 (p)
461 2083 582 2123 Repete
608 2083 643 2114 L.
669 2079 761 2114 VIII.

365 2128 432 2167 (q)
450 2137 477 2164 u·
501 2136 546 2162 53-
568 2124 645 2163 seqq·
765 2163 770 2170 ,
824 2162 829 2167 ,
895 2162 902 2170 ,

365 2171 434 2205 (r)
462 2166 496 2197 L.
524 2165 610 2196 VIII.
637 2167 674 2196 de
697 2165 902 2203 respiranone.

364 2211 426 2247 (s)
453 2209 555 2238 Second
580 2209 673 2239 frsem.
687 2204 742 2243 fiir
764 2206 787 2234 le
807 2215 901 2235 mouv.
922 2206 962 2234 du
974 2202 1048 2243 fimg
1065 2205 1148 2246 Exffi
1169 2217 1235 2237 502.

367 2253 432 2287 (t)
457 2248 521 2286 QU
535 2257 575 2279 Et
589 2259 640 2279 NA
655 2259 666 2278 1
701 2249 800 2279 Oeconx
822 2247 923 2276 Anim.
942 2245 984 2277 T.
1009 2246 1062 2277 ΙΙΙ.
1094 2259 1124 2287 p.
1147 2258 1197 2283 41.

362 2294 440 2328 (u)
471 2291 554 2320 lutra
579 2298 618 2326 24
639 2292 728 2321 horas
757 2309 766 2323 ‚
801 2287 820 2317 sl
842 2287 937 2317 fidum
972 2286 1041 2318 effer
1068 2289 1312 2329 experimentum
1338 2290 1461 2321 Antonii
1489 2287 1558 2319 MA
1573 2299 1583 2319 ι
1600 2296 1687 2320 'ran
1703 2295 1744 2327 113
1759 2295 1778 2317 A
1794 2294 1815 2316 n
1853 2285 1888 2314 ἀὲ

282 2334 310 2363 la
328 2333 412 2372 fbrm.
430 2335 469 2362 dn
487 2332 579 2368 poulet
607 2343 636 2372 p.
656 2341 702 2369 53.
733 2328 789 2375 Sed
812 2328 841 2359 in
864 2327 990 2366 nostris,
1017 2330 1070 2361 etsi
1094 2341 1157 2362 non
1177 2331 1290 2370 ubique
1311 2333 1405 2362 rubor
1430 2330 1629 2363 dominatur,
1650 2337 1836 2362 tamencum
1852 2335 1888 2364 50

282 2376 358 2408 hora
377 2375 553 2415 punctoque
585 2373 703 2404 salienti
729 2377 832 2408 utique
854 2370 934 2400 adest
961 2372 1049 2402 Mem.
1064 2370 1119 2410 ficr-
1140 2374 1169 2402 la
1189 2371 1276 2411 form.
1300 2374 1339 2405 du
1355 2374 1448 2411 poulot
1479 2371 1521 2404 T.
1544 2371 1589 2404 II.
1613 2382 1642 2412 ρ.
1678 2375 1746 2403 206.

364 2417 434 2454 (x)
461 2418 553 2447 Mem.
573 2418 606 2447 de
625 2415 737 2448 I'Acad.
758 2414 792 2444 de
819 2413 912 2444 Berlin
940 2410 982 2445 Έ.
1002 2412 1076 2446 VII.
1101 2424 1129 2454 p.
1151 2424 1198 2452 14,-
