1968 2706
542 157 814 209 SECTI.
893 168 963 208 IN
1019 167 1427 219 UNIVERSUM.
1774 187 1797 221 9

1390 240 1396 253 .

192 268 278 306 nem
320 262 530 304 arteriosum
564 262 777 302 calidiorem
812 263 997 307 fecerunt,
1026 256 1068 302 nt
1092 264 1218 303 caloris
1248 267 1364 309 ratio,
1397 263 1442 302 ad
1470 264 1592 302 venosi
1618 268 1797 316 sanguinis

191 328 348 365 calorem
376 324 492 366 esset,
513 323 567 360 uti
590 335 642 369 97
677 323 721 360 ad
756 334 831 369 94,
850 324 903 360 uti
930 335 1009 360 100
1030 323 1074 361 ad
1104 336 1154 369 95
1176 353 1186 367 ‚
1210 326 1263 361 uti
1294 338 1345 369 99
1374 323 1417 362 ad
1446 334 1501 371 97
1533 323 1612 378 (g).

272 383 412 422 Verum
428 381 466 419 in
481 381 556 418 aliis
575 381 754 430 sanguinis
770 381 915 419 dotibus
933 383 1089 420 omnino
1105 382 1157 421 Cl.
1176 384 1242 419 viri
1254 385 1291 420 in
1308 383 1485 421 diversum
1497 383 1670 422 abierunt.
1702 385 1791 424 Haee

187 444 338 496 quidem
353 441 497 492 opinio,
510 452 619 490 quam
636 439 824 477 novissime
841 441 938 487 dix13
953 453 1036 479 cum
1054 453 1093 478 ea
1110 442 1287 478 consentit
1302 471 1311 485 ,
1329 454 1408 492 quae
1421 441 1631 491 sanguinem
1646 446 1795 482 asterio-

185 505 264 542 sum
280 499 415 539 venoso
435 501 607 537 rariorem
625 499 708 536 facit
725 528 735 542 ,
750 499 939 548 minusque
951 499 1199 549 ponderosum
1219 528 1229 543 ,
1261 512 1335 549 quo
1361 501 1511 550 quidem
1528 501 1619 540 olim
1642 504 1792 540 ARETAEI

181 562 285 600 locus
308 558 458 596 inclinat
471 551 541 610 (h)
559 585 572 602 ,
599 557 734 596 ‘deinde
750 557 806 595 M.
827 558 867 596 A.
882 558 905 596 S
919 571 938 595 E
953 571 972 597 ν
984 571 1003 597 ε
1020 571 1043 596 R
1058 569 1068 596 1
1083 571 1108 596 N
1124 570 1148 595 u
1162 569 1179 597 s
1192 588 1202 602 ‚
1217 556 1232 610 (
1248 555 1289 608 z')
1307 584 1319 606 ‚
1354 555 1543 613 Georgius
1567 561 1594 599 E
1608 573 1667 599 NT
1694 559 1788 612 (le),

159 612 453 664 ,Archibaldzn
475 616 639 655 P1TCA
662 630 748 654 IRN
776 612 864 662 (ἶ),
896 616 928 668 J.
956 618 1009 656 M.
1040 616 1145 655 LAN
1163 630 1182 655 c
1199 627 1334 656 1s1us
1370 616 1491 669 (m),
1525 615 1666 659 Petrus
1701 616 1790 658 An-

180 675 304 719 wnz‘us
345 677 389 715 M
403 690 416 714 1
430 689 450 714 c
467 689 493 713 H
508 689 527 713 E
543 690 563 714 L
578 689 601 714 0
616 686 677 714 TT
690 689 715 714 U
728 688 745 715 s
778 675 796 728 (
812 688 836 714 η
852 680 882 726 ).
930 678 1042 717 Addit
1091 677 1105 714 I
1120 690 1145 714 D
1158 689 1176 716 E
1189 689 1221 715 M
1257 678 1415 715 duorum
1452 681 1790 726 experimentorum

180 737 314 780 fidem,
347 735 385 773 in
411 736 541 785 quibus
574 736 747 773 venosum
776 735 989 784 sanguinem
1021 737 1184 788 pondere
1214 738 1350 785 reperit
1372 736 1552 785 superasse.
1606 738 1693 775 Non
1721 739 1789 776 du-

180 797 270 835 dum
310 795 454 832 auditor
495 794 608 832 noster
659 789 697 847 J
731 790 916 833 Αηιίνθας
952 796 987 833 H
1004 810 1026 833 A
1042 809 1070 833 m
1085 807 1114 832 M
1130 808 1149 832 E
1164 806 1217 833 Rs
1233 807 1253 833 c
1272 807 1338 832 nm
1355 805 1448 832 1DT
1471 821 1483 844 ,
1525 799 1785 846 experimentis

179 857 290 895 etiam
310 854 504 896 institutis,
527 853 738 901 sanguinem
766 855 973 892 anteriosum
999 855 1178 892 leviorem
1205 856 1362 903 reperit,
1385 861 1424 893 ut
1449 856 1526 902 ejus
1551 856 1594 893 ad
1613 856 1787 893 venosum

178 915 271 953 rano
302 911 385 949 esset
420 913 474 949 uti
513 923 624 959 1404
662 913 706 948 ad
752 922 866 963 1414
897 913 943 964 (o
959 911 991 963 ).
1039 913 1144 951 Idem
1176 913 1349 952 venosum
1365 941 1375 956 ,
1416 914 1568 952 celerius
1612 913 1784 952 exaruiffe

176 973 299 1023 fidit,
328 970 432 1020 quod
466 981 600 1017 nempe
632 970 713 1018 plus
742 970 939 1009 solidarum
975 974 1133 1021 partium
1162 973 1352 1010 continere
1378 974 1574 1012 videretur.

236 1030 305 1069 Alii
338 1036 490 1071 contra,
531 1031 593 1077 qui
623 1028 833 1076 sanguinem
863 1031 900 1065 in
943 1031 1126 1080 pulmone
1161 1032 1246 1077 cogi
1278 1031 1506 1075 docuerunt,
1546 1033 1589 1071 ab
1619 1033 1692 1081 ipsa
1724 1031 1783 1070 sua

176 1088 320 1128 vtheoda
358 1088 471 1126 coaffl
486 1116 496 1130 ,
527 1086 739 1134 sanguinem
776 1085 987 1125 arteriosum
1026 1087 1231 1125 densiorem
1265 1088 1456 1133 fecerunt,
1500 1092 1536 1127 &
1575 1092 1650 1139 ipse
1676 1091 1783 1139 prin-

177 1160 263 1199 ceps
292 1140 326 1199 J
365 1142 553 1185 Claudius
579 1141 787 1184 Adrianus
810 1145 847 1184 H
861 1158 880 1183 E
895 1157 916 1183 L
931 1160 953 1184 v
970 1159 989 1184 E
1004 1159 1028 1184 T
1047 1159 1058 1183 1
1075 1158 1098 1183 υ
1113 1156 1129 1183 s
1159 1142 1179 1194 (
1193 1156 1213 1182 0
1227 1141 1271 1197 ἢ
1284 1174 1294 1188 ,
1324 1147 1358 1183 ἃ
1383 1148 1442 1184 alii
1473 1150 1683 1199 nuperiores
1700 1145 1779 1201 (p),

178 1208 217 1244 ⁴&
244 1207 343 1256 ptius
376 1205 584 1253 sanguinem
615 1205 828 1243 artenosum
865 1204 1003 1243 facilius
1031 1204 1261 1243 concrescere
1285 1203 1345 1242 LE
1366 1218 1422 1242 AL
1452 1205 1635 1255 scripserat
1669 1203 1690 1258 (
1705 1206 1776 1260 q),

179 1267 234 1303 uti
261 1266 382 1302 minus
407 1265 474 1302 seri
504 1265 692 1302 continere
724 1263 899 1302 HELVE
918 1277 942 1302 T
959 1277 971 1302 1
987 1275 1045 1303 us
1078 1265 1252 1314 nuperior
1284 1265 1410 1302 audior
1439 1265 1487 1302 est
1512 1262 1612 1317 (r).
1660 1266 1780 1303 Accu-

176 1324 285 1362 ratius
311 1317 536 1375 Franciscus
566 1322 627 1361 Bo
643 1337 654 1359 1
675 1333 748 1361 ss1
765 1336 820 1362 ER
851 1323 1030 1361 rationem
1055 1322 1235 1361 denfitatis
1268 1323 1305 1359 in
1331 1323 1501 1362 arterioso
1530 1323 1704 1372 sanguine
1734 1325 1779 1362 ad

176 1380 299 1419 venofi
331 1382 469 1421 cruoris
513 1381 723 1420 densitatem
754 1384 945 1430 ingentem
977 1379 1182 1425 constituit,
1217 1393 1352 1430 nempe
1382 1394 1450 1420 20.
1488 1394 1584 1421 000.
1617 1396 1700 1420 000
1734 1383 1780 1420 ad

127 1445 130 1448 ’
177 1448 241 1492 14.
265 1451 360 1479 000.
385 1451 471 1479 000
501 1439 574 1477 five
593 1446 737 1489 2014
763 1435 859 1492 (s),
894 1441 929 1477 δε
958 1436 1144 1494 Georgius
1171 1434 1401 1479 Ehrhardus
1425 1440 1461 1478 H
1478 1452 1777 1488 AMBERGER,

1612 1501 1779 1539 eamdem

254 1634 593 1674 (g)Soz1wz=:N1<E
614 1646 642 1675 p.
667 1644 714 1670 31.

274 1678 292 1706 h
349 1686 371 1707 ³.
414 1697 422 1706 .
980 1704 983 1705 γ

249 1679 286 1753 {i
302 1678 319 1755 ))
336 1686 475 1756 buglum
496 1717 552 1747 seri
575 1717 666 1748 inesse
680 1737 689 1751 ‚
723 1717 744 1746 fi
770 1724 840 1746 cum
864 1716 980 1746 venoso
1011 1715 1235 1757 comparaveris
1262 1716 1342 1756 apud
1372 1715 1390 1746 S
1406 1728 1423 1747 c
1437 1725 1674 1750 ntznnmmz
1688 1728 1777 1750 RUM

168 1759 203 1788 cie
224 1759 328 1796 lymph.
350 1761 378 1788 δε
399 1759 433 1787 de
452 1768 496 1797 aq.
522 1760 662 1795 pericard.
687 1757 770 1787 conf.
797 1757 822 1787 B
836 1768 854 1788 A
870 1768 892 1788 R
908 1766 930 1787 *r
943 1767 962 1786 n
976 1767 994 1787 0
1007 1768 1024 1786 L
1038 1768 1048 1786 x
1061 1770 1086 1787 N.
1113 1758 1177 1788 hist.
1199 1767 1245 1792 29-
1274 1762 1350 1788 Ceut.
1374 1756 1434 1787 III.

249 1799 313 1836 (lc)
334 1799 428 1838 paulo
449 1799 625 1830 serofiorem
649 1798 705 1829 esse
718 1817 728 1831 ‚
763 1808 833 1828 cum
857 1797 889 1829 in
915 1798 1008 1828 corde
1031 1799 1131 1838 aliqua
1147 1799 1253 1839 pomo
1275 1799 1337 1830 olei
1358 1799 1517 1829 consumta
1537 1801 1571 1830 fit
1591 1820 1600 1834 ‚
1632 1799 1664 1830 in
1686 1802 1777 1838 apolo-

162 1841 212 1878 gia
227 1847 279 1877 pro
299 1842 364 1870 circ.
391 1840 438 1871 ed.
460 1839 594 1871 Londin.
618 1840 728 1880 poster.
750 1849 778 1877 p.
805 1849 852 1876 31.

188 1910 193 1915 ¹
249 1881 308 1918 (l)
329 1880 479 1912 Levioseg
511 1881 668 1921 aliquanto
698 1879 861 1919 particulas
900 1879 992 1914 facit,
1024 1889 1090 1917 quae
1111 1880 1217 1910 colore
1240 1879 1295 1910 fint
1326 1881 1481 1912 floridiori
1504 1882 1537 1911 de
1557 1880 1642 1919 cazfis
1663 1880 1775 1921 divegfa

168 1921 247 1951 molis
264 1932 322 1961 qua
338 1924 411 1958 fluit
423 1920 542 1961 fiznguis
557 1932 609 1962 per
625 1925 787 1962 pulmonem
809 1922 942 1953 animalis
966 1923 1029 1950 nati
1050 1921 1088 1957 ἓξ
1110 1932 1167 1951 non
1188 1922 1250 1950 nati
1270 1930 1300 1951 n.
1321 1931 1369 1958 23.

251 1963 328 1998 (m)
347 1963 358 1992 l
393 1973 419 1992 c.

249 2004 323 2038 (n)
353 2004 373 2034 1.
394 2013 419 2033 c,
442 2014 472 2043 p.
497 2015 543 2034 22.
564 2014 613 2041 42.

247 2046 305 2080 (o)
326 2043 446 2082 Nempe
466 2043 498 2075 in
522 2046 633 2075 eodem
665 2045 823 2076 volumine
856 2042 1008 2084 sanguinis
1040 2041 1175 2074 arteriofi
1206 2041 1320 2082 reperit
1342 2041 1499 2073 drachmas
1525 2051 1570 2080 23=
1605 2051 1702 2082 grana
1724 2051 1771 2079 24.

164 2083 267 2114 *enofi
289 2095 365 2116 vero
385 2084 543 2116 drachmas
565 2096 614 2121 23·
636 2094 730 2124 grana
754 2097 799 2124 34.
825 2096 853 2124 p.
878 2095 923 2122 19.

247 2123 345 2162 (0*)
371 2128 523 2158 M‘mxoires
539 2127 560 2156 1.
587 2137 611 2157 c.
635 2136 667 2164 p.
691 2136 759 2161 234.
781 2123 932 2165 Eclairczff
949 2136 978 2165 p.
1003 2136 1051 2160 44.

247 2165 314 2204 (p)
333 2169 365 2204 J.
385 2169 435 2197 Fr.
459 2166 547 2197 dela
567 2166 739 2198 SOURD1
756 2179 831 2198 ERE
853 2169 880 2196 &
901 2166 1115 2196 BERNARD
1138 2163 1170 2194 in
1193 2163 1267 2194 thes.
1289 2162 1321 2194 in
1343 2164 1407 2194 haec
1426 2165 1528 2195 verba.
1547 2167 1619 2202 Ergo
1639 2174 1696 2194 non
1716 2166 1772 2194 uti-

161 2214 214 2242 que
241 2209 360 2245 corporis
386 2205 504 2246 sanguis
524 2209 598 2238 idem
621 2207 710 2239 Paris.
739 2219 825 2245 1743.
861 2207 885 2237 I.
906 2207 946 2238 N.
970 2207 1008 2238 H.
1041 2217 1096 2236 von
1116 2206 1165 2234 der
1185 2206 1355 2243 verdickung
1376 2203 1432 2244 defi·
1451 2207 1549 2235 hlutes.
1579 2205 1606 2234 K
1619 2216 1638 2234 N
1655 2215 1674 2235 o
1689 2214 1708 2234 ι
1721 2215 1740 2233 1.
1754 2214 1773 2234 Β

161 2244 197 2282 in
217 2244 270 2275 lib.
295 2246 433 2284 ejusdem
456 2248 548 2280 tituli.
568 2248 899 2285 HAMBERGERU
916 2259 937 2280 s.
991 2250 1042 2281 Fr.
1062 2246 1087 2278 B
1104 2256 1152 2283 Qx
1168 2255 1300 2280 ssnzss.
1326 2246 1458 2277 szes
1487 2246 1521 2276 de
1544 2246 1612 2276 liene
1639 2256 1670 2285 p.
1703 2253 1769 2284 142„

250 2287 321 2326 (q)
343 2290 435 2319 Hehd.
461 2289 537 2327 ἠὺν.
567 2299 596 2328 p.
620 2301 667 2325 99.

253 2327 327 2364 (Υ)
352 2331 501 2360 Memoires
521 2341 550 2369 p.
574 2340 643 2368 235.

254 2368 320 2406 (5)
344 2371 390 2399 De
409 2371 575 2406 inflammat.
607 2381 637 2411 p.
660 2381 730 2408 244-

249 2447 402 2497 Haller
432 2450 641 2511 Phystolog.
677 2455 788 2498 Tom.
817 2455 859 2493 11.
1211 2453 1239 2493 Β
