1968 2706
422 138 662 200 MOTU'S
724 153 1256 197 PROGREssrvus
1590 169 1666 207 183

62 260 116 306 gis
148 256 304 303 divergit
343 254 452 304 (u),
483 267 526 292 eo
556 254 688 290 tardius
718 254 831 295 adeo,
863 263 936 300 quo
961 254 1075 301 magis
1103 258 1350 301 convergezct.
1397 251 1494 290 Hinc
1518 266 1600 293 cum
1634 258 1668 293 in

63 328 190 353 venam
216 317 342 352 arteria
368 327 433 364 per
462 313 590 351 vulnus
617 314 762 361 utrique
786 323 984 348 commune
1012 319 1176 359 pateret,
1199 308 1274 360 ipsa
1304 313 1429 349 arteria
1451 311 1557 350 latior
1584 315 1668 351 sac‘ia

64 375 111 412 est
144 376 158 420 (
180 369 242 412 u*
261 375 290 422 ).
325 374 428 411 Hanc
451 371 734 421 speculationem
758 370 905 413 addidi,
940 374 1083 413 verain,
1112 369 1135 407 fi
1161 372 1285 408 arteria
1313 372 1438 408 conica
1464 373 1665 421 convergit‚

63 433 204 472 Verum
245 435 400 472 curatior
428 439 604 468 anatome
630 432 757 480 utique
780 429 947 477 detexit,
986 433 1128 467 arterias
1155 430 1257 467 seties
1285 428 1353 468 effe
1389 429 1637 479 cylindrorum
1660 460 1668 474 ‚

66 491 110 529 ad
137 492 295 541 singulos
320 502 504 528 ramorum
531 496 680 527 exortus
703 490 889 526 minorum
920 488 979 536 (u
998 488 1073 534 **)

437 612 471 653 §-
520 606 631 646 XXl.
689 606 754 645 IV.
819 602 880 645 Ob
901 576 1066 658 majores
1086 599 1253 659 angulos,

150 728 262 766 Nunc
289 725 333 763 ad
363 726 517 774 angulos
547 724 733 763 transimus
752 755 760 768 ,
794 727 830 762 in
857 726 986 775 quibus
1021 726 1154 775 pariter
1187 723 1326 772 sanguis
1359 724 1562 763 retardatur
1581 755 1590 770 ,
1631 727 1674 764 ἃ

65 801 145 838 pars
174 789 248 835 ejus
282 785 480 822 velocitatis
507 787 626 835 perit,
659 797 728 833 qua
761 787 918 833 primum
948 797 965 821 a
992 785 1104 822 corde
1130 783 1276 832 prodiit.
1316 781 1501 821 Velocitas
1524 786 1669 823 acorde

67 856 214 896 accepta
237 846 377 896 optime
402 844 631 882 conservatur
667 847 703 879 iu
729 856 768 880 ea
796 843 977 891 sanguinis
1010 842 1167 882 artetiofi
1201 850 1299 891 parte
1327 844 1421 891 (x)
1457 872 1467 887 ,
1497 855 1578 893 quae
1609 857 1672 894 per

67 909 151 943 axin
179 905 284 950 fluit,
317 911 378 939 aut
406 905 464 940 axi
490 909 584 941 certe
610 902 783 951 parallela
813 910 960 945 manat,
978 904 1013 940 ἃ
1037 904 1081 941 ad
1098 903 1276 951 quam-vis
1305 904 1469 946 motrix‚
1496 905 1675 953 parietum

67 977 202 1013 nempe
236 962 355 1000 cordis
382 963 579 999 contrafflo
606 988 614 1003 ‚
647 961 690 996 ad
718 962 1023 1010 perpendiculum
1064 967 1245 1009 operatur.
1288 961 1459 1009 Sequitur
1490 970 1531 999 ut
1570 970 1671 1007 tanto

62 1025 150 1073 ⁴plus
177 1024 221 1060 de
247 1033 287 1058 ea
308 1020 499 1057 velocitate
523 1027 672 1070 pereat.
698 1028 835 1068 quanto
853 1022 983 1068 majori
1001 1021 1063 1058 sub
1081 1020 1218 1067 angulo
1235 1048 1244 1062 ‚
1277 1019 1319 1056 ad
1345 1021 1476 1058 lineam
1505 1034 1568 1072 per
1590 1024 1672 1058 axin

70 1085 263 1120 ducentem
280 1079 372 1116 fauo
391 1108 400 1121 ‚
420 1079 560 1127 sanguis
576 1086 739 1115 etrunco
763 1081 897 1116 arteriae
918 1081 954 1115 in
980 1091 1099 1117 ramos
1121 1078 1271 1115 discedit
1285 1107 1294 1122 ,
1321 1078 1391 1116 five
1408 1106 1418 1123 ,
1438 1080 1547 1118 fluida
1579 1081 1622 1117 de
1637 1081 1670 1117 fi.

62 1143 167 1180 -stulis
179 1170 188 1184 ,
205 1151 305 1189 aeque
318 1137 412 1180 latis,
424 1139 460 1175 ἂ
477 1139 628 1187 oblique
642 1137 778 1180 erectis,
795 1138 830 1174 ἃ.
844 1149 890 1176 ex
907 1148 1037 1175 trunco
1053 1138 1204 1174 exibunt
1227 1137 1482 1183 eeleritatibus‚
1503 1151 1581 1188 quae
1596 1139 1674 1177 sunt

76 1204 114 1238 in
131 1205 269 1239 ratione
300 1196 657 1246 perpendicularium
683 1196 857 1233 linearum
879 1226 888 1240 ,
919 1209 1000 1246 quae
1025 1197 1193 1245 obliquas
1223 1196 1441 1235 elevationes
1473 1199 1674 1236 metiuntur

77 1261 161 1308 (w
174 1258 205 1305 ).
242 1257 374 1295 Omnis
396 1258 493 1293 enim
523 1264 650 1294 motus
684 1255 856 1305 obliquus
892 1256 1011 1305 potest
1026 1258 1063 1293 in
1086 1255 1178 1292 duos
1204 1255 1333 1292 resolvi
1363 1258 1448 1306 (y)
1476 1287 1485 1301 ,
1515 1259 1604 1306 qui,
1639 1261 1676 1295 iu

73 1317 250 1366 exemplo
283 1341 294 1362 ‚
338 1322 443 1352 erunt
476 1323 597 1353 motus
632 1315 780 1364 quidem
814 1315 1053 1364 progreffivus
1087 1344 1097 1359 ,
1128 1326 1202 1364 quo
1230 1327 1248 1351 a
1281 1317 1391 1353 corde
1442 1314 1582 1364 sanguis
1621 1329 1676 1354 re-

74 1379 172 1417 cedit
203 1405 213 1419 ,
249 1376 412 1423 alterque
441 1403 450 1417 ,
480 1387 555 1423 quo
596 1374 795 1410 secundum
825 1374 1004 1422 angulum
1033 1385 1292 1423 quemcunque
1322 1375 1365 1411 ab
1393 1377 1450 1412 axi
1483 1404 1492 1418 ,
1522 1374 1675 1413 &linea

76 1438 167 1475 recta
202 1445 322 1471 motus
353 1433 561 1481 progreffivi
589 1432 776 1469 directrice
801 1461 810 1476 ,
847 1434 889 1470 ad
917 1434 1008 1471 latus
1044 1433 1211 1469 declinat.
1255 1431 1305 1469 Ut
1349 1434 1446 1470 enim
1474 1433 1550 1470 haec
1583 1435 1675 1471 linea

77 1503 230 1543 augetur
255 1522 264 1535 ‚
314 1493 484 1529 omnibus
515 1493 716 1541 aequalibus
745 1520 754 1534 ‚
795 1494 843 1529 ita
878 1499 976 1530 certe
1017 1493 1193 1528 minuitur
1232 1490 1323 1527 linea
1354 1498 1477 1528 motus
1512 1492 1677 1543 progres-

80 1554 140 1591 fivi
160 1582 168 1596 ,
204 1552 274 1588 five
298 1551 453 1600 spatium
474 1576 484 1596 ‚
516 1563 592 1599 quo
619 1551 750 1587 eodem
781 1558 947 1601 tempore
978 1550 1121 1598 sanguis
1144 1563 1160 1587 a
1193 1549 1305 1586 corde
1335 1550 1482 1587 recedit.
1534 1551 1675 1600 Simpli-

37 1644 42 1645 γ
80 1614 158 1650 cius
179 1611 298 1648 adhuc
322 1638 330 1651 ‚
357 1607 381 1644 fi
410 1609 619 1657 sanguinem
648 1612 684 1645 in
707 1609 898 1658 hypothesi
922 1610 984 1645 vix
1010 1610 1210 1658 quidquam
1231 1608 1364 1646 diversa
1381 1621 1398 1646 a
1416 1621 1502 1647 vero
1520 1636 1531 1654 ‚
1549 1609 1677 1648 habeas

80 1683 148 1720 pro
172 1666 407 1717 globulorum
439 1675 561 1704 catena
590 1697 599 1710 ‚
628 1668 782 1704 dubium
820 1680 895 1705 non
921 1668 970 1704 est
987 1696 995 1710 ‚
1026 1669 1112 1716 quin
1137 1667 1279 1715 globuli
1308 1680 1326 1704 a
1353 1668 1464 1705 corde
1485 1669 1680 1706 velocitate

81 1729 295 1778 primigenia
322 1728 477 1769 imbuti,
507 1725 712 1774 longissime
739 1728 951 1776 propellant
975 1726 1174 1774 globulos,
1197 1726 1259 1775 qui
1278 1727 1314 1762 in
1333 1727 1457 1764 eadem
1479 1727 1572 1765 linea
1591 1728 1680 1764 recia

80 1791 199 1837 jacent
218 1815 227 1828 ‚
261 1787 296 1822 Sc
325 1784 417 1834 quos
448 1785 490 1821 ad
515 1785 823 1836 perpendiculum
848 1783 981 1823 feriunt
1007 1797 1014 1821 :
1047 1786 1167 1822 minus
1200 1796 1288 1822 vero
1322 1785 1433 1833 longe
1469 1786 1682 1837 propellant

84 1859 146 1883 eos
166 1875 174 1888 ,
196 1845 256 1894 qui
284 1845 328 1881 ad
350 1845 524 1892 angulum
547 1844 705 1892 aliquem
735 1857 819 1882 cum
850 1846 977 1895 primis
992 1872 1000 1886 ,
1020 1850 1165 1881 motum
1190 1844 1483 1891 impertientibus
1500 1845 1682 1892 globulis,

84 1905 349 1956 disponuntur,
388 1904 423 1939 &
447 1903 490 1938 ad
517 1914 609 1950 quos
638 1903 790 1952 oblique
826 1912 972 1940 motum
995 1901 1098 1938 suum
1124 1904 1402 1944 transmittunt,
1431 1909 1533 1939 tanto
1562 1905 1682 1939 mino-

84 1975 160 2001 rem
184 1992 193 2006 ,
226 1974 299 2010 quo
332 1963 381 1999 est
407 1961 616 2009 obliquior,
652 1963 688 1998 Sc
721 1974 794 2011 quo
814 1962 968 2010 angulus
998 1960 1103 1998 lineae
1134 1960 1340 1997 direc‘tionis
1363 1961 1521 2010 obliquae
1540 1973 1622 1999 curn
1642 1961 1685 1997 li-

80 2034 151 2060 -nea
177 2028 298 2058 motus
315 2018 529 2073 progreffivi
560 2020 650 2057 reeta
677 2022 793 2067 major
819 2022 879 2058 est.
918 2021 1046 2058 Minor
1064 2021 1161 2057 enirn
1184 2020 1253 2058 erit
1283 2019 1454 2057 velocitas
1482 2020 1606 2068 anguli
1631 2019 1686 2056 se·-

1548 2078 1687 2117 mirefli

174 2193 243 2230 (ἰιδ
262 2193 285 2224 Β
297 2203 312 2223 ⁸
325 2204 340 2224 R
356 2204 377 2223 N
390 2204 408 2224 o
421 2203 473 2224 Ul
485 2205 526 2223 1.1
549 2193 779 2231 hydrodynamic.
802 2204 830 2233 p.
855 2203 905 2228 44.
925 2201 993 2229 276,

173 2236 273 2269 (u'⁵)
301 2234 364 2274 Οὐ]
383 2234 418 2271 of
433 2236 520 2273 afhc.
541 2243 572 2264 at
593 2236 688 2267 Lond.
711 2234 751 2264 T.
773 2235 798 2265 Ι.
821 2246 851 2274 p.
878 2244 944 2271 340.

175 2278 221 2310 (u
235 2273 300 2311 **)
317 2275 352 2306 L.
371 2275 410 2306 ΙΙ.
431 2287 460 2315 p.
479 2287 526 2313 5]-

178 2316 251 2351 (κ)
279 2328 307 2354 p.
333 2321 395 2346 166.

177 2356 540 2392 (x*)sA1unR1sl.
562 2368 586 2388 c.

174 2399 242 2435 (y)
265 2398 358 2429 Couf.
381 2398 518 2430 HssLsn
533 2409 595 2430 ΛΜ
616 2396 707 2438 course
733 2397 894 2439 osrlec‘iures
922 2396 965 2431 T.
986 2395 1028 2428 ΙΙ,
1054 2397 1074 2429 f.
1094 2407 1123 2432 4.
