1968 2706
263 132 348 169 230
437 104 829 159 LIB.V1.SEGT.
857 110 1294 158 ILSANGUINIS
1330 112 1442 158 PER
1482 113 1790 156 ARTEmAs

259 219 376 276 prima
401 216 494 255 ultra
524 215 719 256 secundam
754 212 971 264 producitur
1002 227 1010 251 :
1040 212 1063 250 si
1082 212 1211 251 reseela
1238 209 1417 258 ligatave,
1435 216 1530 247 certe
1546 213 1583 253 in
1608 211 1882 260 longitudinem

261 281 419 320 effertur.
454 277 590 316 Eadem
620 276 774 313 omnino
802 272 919 317 fiunt,
950 272 1098 325 quando
1115 271 1153 310 in
1184 271 1348 312 arteriam
1382 269 1564 308 cadaveris
1602 270 1733 321 liquor
1757 272 1887 321 aliquis

266 340 478 392 impellitur.

350 400 475 448 Quare
501 397 625 434 arteria
652 407 671 432 a
694 394 870 443 sanguine
904 392 949 430 de
984 392 1096 430 corde
1122 389 1265 443 inpulso
1287 389 1439 438 longior
1460 387 1550 436 fiat,
1580 399 1658 426 non
1687 388 1737 425 est
1753 388 1882 426 obscu-

257 472 339 500 rum
371 457 564 496 intellectu.
631 455 662 493 A
690 451 981 492 decrescentibus
1000 452 1148 502 quidem
1178 447 1359 488 diametris
1389 449 1551 491 arteriae,
1574 459 1683 498 quam
1713 459 1782 499 pro
1800 450 1881 486 uni-

264 533 304 559 ca
331 519 439 556 habes
456 546 466 560 ‚
485 515 590 553 facile
623 514 839 562 intelligitur
875 513 975 563 sequi
1001 541 1011 556 ,
1045 519 1086 549 ut
1117 511 1372 549 columnarum
1401 508 1678 556 sanguinearum
1702 518 1766 555 per
1790 514 1877 544 arte-

264 582 353 617 riam
384 576 578 614 fluentium
620 584 717 611 tanta
759 574 881 622 portio
934 574 971 609 in
1016 572 1171 621 parietes
1207 566 1342 607 arteriae
1372 567 1576 616 inpingat,
1610 573 1743 617 quanta
1767 567 1885 603 conti-

267 647 371 676 netur
402 635 439 673 in
467 635 579 673 anulo
606 634 847 682 imaginario,
876 633 939 682 qui
969 630 1116 682 aequalis
1143 630 1192 667 est
1221 628 1434 666 differentiae
1467 627 1615 664 luminis
1649 626 1794 674 majoris
1817 626 1885 664 mi·-

270 696 454 746 norisque.
515 694 585 732 Sed
619 706 668 731 eae
697 692 883 730 columnae
915 692 1042 740 utique
1074 690 1210 727 arteriae
1241 689 1393 736 parietes
1433 686 1632 724 secundum
1660 684 1757 723 suam
1786 684 1886 721 dire-

267 758 427 795 &ionem
461 753 677 804 impellunt,
706 764 840 800 nempe
869 764 887 789 a
913 750 1025 788 corde
1059 753 1272 790 removent,
1301 745 1405 797 quod
1428 752 1562 783 vocant
1583 744 1787 782 extendere.
1826 742 1885 780 Sic·

270 819 378 855 etiam
405 818 441 852 in
470 814 559 851 flexa
581 813 705 850 arteria
730 811 912 849 columnae
947 807 1129 858 sanguinis
1151 837 1161 851 ,
1201 819 1281 856 quae
1305 806 1383 843 sunt
1408 806 1444 841 in
1481 804 1656 853 superiori
1692 810 1792 851 parte
1828 813 1884 839 ca-

269 877 384 919 nalis,
400 882 521 913 tetum
541 872 707 910 effectum
728 871 830 908 suum
863 872 900 907 in
928 869 1047 919 ipsum
1068 866 1245 919 parietem
1273 864 1437 905 secundae
1463 865 1571 915 partis
1593 863 1728 903 arteriae
1756 860 1886 899 consu-

268 944 405 977 munt,
435 945 592 982 eumque
623 944 640 968 a
672 931 781 968 corde
818 935 1025 967 removent.

356 993 500 1031 Verum
531 993 638 1029 etiam
659 989 857 1039 cylindrica
886 989 1010 1026 arteria
1044 984 1195 1034 longior
1223 984 1288 1030 fit,
1322 985 1359 1022 &
1382 983 1474 1023 resta
1503 996 1510 1020 :
1546 993 1631 1020 nam
1659 981 1802 1019 arterias
1824 991 1886 1029 cy-

267 1055 473 1093 lindrorum
497 1052 597 1089 seriei
628 1049 757 1088 fimiles
787 1046 877 1092 effe,
907 1047 988 1096 post
1017 1046 1070 1085 Cl.
1105 1046 1250 1093 virum,
1284 1044 1522 1093 nostrumque
1549 1041 1766 1090 singularem
1799 1040 1886 1076 ami-

272 1127 358 1152 cum
392 1113 425 1164 J.
462 1107 708 1151 Fridericum
733 1108 1022 1145 SCHREIBER
1046 1103 1136 1156 (a)
1169 1104 1252 1142 aHas
1285 1102 1436 1141 ostendi.
1483 1101 1660 1140 Subtilior
1697 1100 1886 1149 aliquanto

272 1174 380 1223 hujus
412 1171 630 1211 extensionis
656 1169 747 1206 ratio
778 1167 826 1202 est
844 1195 853 1208 ‚
897 1166 932 1203 ὃς
957 1178 976 1203 a
999 1165 1183 1203 celeritate
1204 1163 1386 1200 diminuta
1420 1162 1600 1210 sanguinis
1622 1160 1766 1208 pendet.
1787 1157 1886 1196 Con-

273 1236 381 1272 tinuo
407 1232 595 1282 oportebit
625 1228 729 1267 altius
757 1220 841 1273 (b)
871 1226 1015 1274 repeti,
1049 1223 1074 1263 fi
1110 1222 1323 1261 arteriosum
1351 1221 1512 1262 canalem
1551 1219 1718 1257 habueris
1748 1229 1817 1268 pro
1848 1228 1889 1255 u-

273 1294 360 1331 nico
391 1294 482 1330 tubo
501 1318 512 1333 ,
539 1298 647 1339 atque
672 1289 709 1324 in
732 1298 777 1323 eo
811 1285 902 1322 tubo
930 1284 1149 1322 celeritatem
1189 1282 1350 1331 posueris
1382 1282 1559 1327 maiorem
1592 1280 1630 1315 in
1660 1277 1844 1326 principio
1874 1305 1885 1320 ,

273 1355 385 1402 inque
412 1351 482 1388 fine
506 1351 688 1386 minorem
715 1375 724 1389 ,
754 1353 843 1382 tunc
884 1356 969 1380 eum
998 1342 1107 1381 finem
1145 1341 1270 1379 haberi
1304 1338 1406 1395 poffe
1443 1351 1514 1389 pro
1554 1337 1753 1386 angustiori
1787 1342 1888 1384 parte

271 1411 351 1460 (c)
377 1411 533 1452 canalis,
563 1408 631 1445 five
661 1417 730 1455 pro
754 1404 892 1446 canali,
927 1404 1029 1450 cujus
1061 1415 1139 1451 pars
1173 1399 1289 1438 clausa
1319 1399 1371 1436 fit.
1418 1398 1558 1436 Eodem
1597 1399 1700 1434 enim
1717 1404 1887 1443 tempore

272 1473 309 1509 δε
343 1472 378 1507 in
408 1470 475 1507 hac
499 1464 691 1518 hypothesi
711 1491 723 1509 ‚
748 1465 784 1500 ἃ
806 1464 843 1499 in
876 1463 1018 1512 priori,
1049 1463 1168 1498 minor
1199 1460 1378 1507 sanguinis
1409 1459 1532 1507 portio
1558 1456 1601 1493 de
1634 1462 1800 1493 extremo
1831 1465 1889 1491 ca-

268 1530 350 1569 nale
376 1529 499 1566 effluit.
536 1527 648 1565 Nunc
672 1524 696 1561 fi
729 1535 768 1560 ea
791 1522 916 1561 ultima
944 1533 1022 1570 pars
1046 1519 1204 1558 atterimfi
1226 1520 1304 1556 tubi
1329 1516 1444 1555 clausa
1474 1517 1546 1559 est,
1570 1515 1783 1564 sanguinisa
1807 1525 1888 1550 cor-

269 1591 316 1628 de
341 1588 557 1639 appellentis
589 1587 639 1624 vis
664 1581 892 1622 obstaculum
925 1592 964 1617 ea
991 1582 1027 1617 in
1061 1580 1143 1618 sede
1164 1579 1323 1627 reperit,
1359 1577 1394 1614 δε
1419 1578 1458 1613 in
1488 1575 1621 1613 canalis
1645 1571 1803 1613 arteriosi
1827 1583 1889 1621 pa-

272 1651 378 1687 rietes
410 1649 564 1693 nititur,
590 1645 749 1693 eosque,
781 1639 978 1679 secundum
1006 1639 1266 1679 direffionem,
1293 1648 1402 1686 quam
1433 1648 1451 1673 a
1488 1634 1600 1673 corde
1630 1634 1792 1681 accipit,
1817 1642 1889 1668 ex-

277 1710 465 1759 porrigere
492 1712 659 1744 conatur.
702 1701 738 1739 Si
761 1699 891 1737 canalis
927 1700 1073 1750 penitus
1097 1697 1235 1734 clausus
1267 1696 1403 1737 fuerit,
1432 1702 1521 1733 tunc
1549 1695 1656 1730 etiam
1691 1692 1806 1739 magis
1826 1701 1889 1727 ex-

278 1768 471 1808 tendetur,
507 1766 561 1804 uti
584 1763 623 1800 fit
654 1765 691 1798 in
716 1758 933 1807 corporibus
961 1756 1160 1794 cavernosis
1193 1757 1296 1805 penis
1314 1784 1323 1798 ,
1352 1753 1421 1790 five
1457 1766 1497 1791 ea
1524 1750 1665 1801 sanguis
1693 1751 1890 1788 libidinan-

274 1829 321 1865 tis
351 1825 513 1865 animalis
543 1821 716 1861 distendit
740 1848 750 1863 ,
771 1818 841 1855 five
877 1816 981 1865 fipho
1008 1816 1235 1854 anatomicus
1278 1825 1397 1851 ceram
1424 1812 1462 1849 in
1492 1825 1532 1850 ea
1568 1823 1724 1863 corpora
1759 1807 1888 1857 impel-

274 1886 328 1925 lit.
374 1885 429 1923 Ita
460 1884 500 1921 fit
526 1884 563 1919 in
594 1886 735 1919 uretere
768 1876 915 1919 clauso,
940 1877 1003 1926 qui
1037 1873 1320 1925 frequentiffime
1355 1871 1399 1909 ad
1427 1872 1585 1909 intestini
1615 1868 1889 1907 similitudinem

275 1946 455 1984 dilatatur.
520 1942 558 1980 Si
584 1941 690 1979 tubus
719 1936 819 1976 idem
849 1947 925 1972 non
953 1942 1052 1972 totus
1077 1934 1214 1971 clausus
1243 1932 1316 1977 est,
1344 1930 1402 1967 sed
1424 1944 1473 1984 ‘ex
1492 1936 1591 1981 parte
1618 1928 1736 1978 aliqua
1761 1956 1770 1970 ‚
1799 1934 1888 1964 tunc

274 2008 395 2044 minus
421 2002 595 2053 quidem,
614 1998 673 2039 sed
687 2009 755 2049 pro
773 2008 813 2035 ea
839 1995 978 2035 ratione
1007 1992 1246 2037 extendetur,
1263 2003 1333 2043 qua
1351 1992 1466 2040 maJ‘or
1491 1989 1569 2029 tubi
1589 2001 1670 2043 pars
1695 1997 1829 2027 caecum
1843 1984 1889 2039 *fi-

276 2076 363 2106 nem
399 2063 565 2102 habebit.

1774 2136 1807 2178 ᾗ.
1838 2130 1891 2168 VJ

362 2266 430 2304 (a)
451 2261 486 2293 L.
503 2262 541 2294 Il.
569 2273 597 2302 p.
612 2273 658 2302 57.

364 2310 432 2387 ((ῗ).
444 2314 541 2376 {linis
551 2315 618 2377 {xit
638 2353 692 2384 per
712 2340 824 2373 ostium
837 2359 845 2374 2
856 2346 892 2373 ut
903 2337 1000 2371 credit
1010 2335 1081 2370 ‘Vm
1092 2335 1155 2369 Cr,-
1174 2334 1268 2369 analis
1279 2335 1368 2369 liberi
1380 2359 1388 2368 .
1401 2334 1573 2377 cylindrici.
1590 2334 1621 2367 Si
1635 2331 1821 2364 obstaculum
1836 2337 1890 2366 op-

285 2390 420 2430 posueris
437 2387 534 2419 libero
551 2387 652 2418 motui
665 2405 674 2420 2
687 2385 789 2419 statim
800 2394 878 2423 aqua
899 2382 991 2415 exsilit
1013 2381 1031 2412 S
1043 2390 1063 2410 T
1074 2391 1103 2412 Β
1119 2391 1141 2413 H
1155 2389 1168 2410 Ε
1183 2391 1223 2411 ιι
1237 2392 1257 2411 n
1280 2382 1313 2412 de
1330 2377 1413 2419 pulsu
1433 2389 1462 2421 p.
1479 2391 1507 2414 9·
