1968 2706
256 192 339 226 206
473 177 584 222 LIB.
619 177 703 222 VI.
743 170 930 219 SECT.
964 174 1001 219 I.
1034 178 1302 220 SANGUINIS
1335 179 1428 223 PER
1461 181 1698 225 ARTERIAS

253 287 330 326 tra,
357 281 395 318 in
426 276 746 320 vehementiffimis
770 277 1020 330 opisthotonis
1038 279 1075 316 ἅτ
1099 276 1242 328 spasmis
1267 279 1484 318 feminarum
1510 281 1766 330 hystericarum
1783 312 1796 331 ,
1813 282 1873 325 tol

253 349 332 380 tum
360 353 495 390 corpus
519 340 736 389 agitantibus
756 365 767 383 ,
801 338 837 374 &
860 340 897 376 in
925 351 1047 377 arcum
1079 340 1312 378 curvantibus
1333 365 1344 386 ‚
1382 352 1503 391 neque
1538 341 1659 390 pulsus
1688 342 1830 383 incitari
1856 376 1869 390 ,

253 413 374 451 neque
398 400 612 449 sanguinem
635 398 827 439 accelerari
857 427 867 441 ,
894 399 984 448 saepe
1021 399 1106 436 vidi.
1172 399 1244 438 Sed
1287 401 1396 438 etiam
1424 402 1461 438 in
1494 403 1634 439 uterina
1667 404 1829 451 placenta
1854 435 1865 449 ,

253 462 387 511 absque
415 460 621 511 sulpicione
663 460 785 498 nervei
815 459 940 496 auxilii
976 459 1118 508 sanguis
1158 467 1328 497 movetur
1366 489 1377 504 ,
1417 461 1452 498 ἃ
1486 463 1524 498 in
1552 460 1679 503 oiseis,
1712 474 1751 500 ut
1785 465 1870 503 alibi

201 509 205 515 ¹
253 520 415 559 excitavi
441 547 452 568 ‚
482 521 641 566 arteriis,
673 519 797 557 multis
835 519 964 568 utique
999 520 1144 557 senibus
1168 516 1416 572 (r)humor
1441 521 1556 559 vitalis
1573 522 1828 561 circumfertur
1855 554 1867 569 ,

252 594 272 620 a
299 581 429 630 quibus
464 579 584 618 omnis
616 579 832 618 irritabilitas
870 579 1062 629 (nmisque
1100 579 1319 629 compreffio
1356 581 1452 618 abest
1486 593 1495 618 :
1541 582 1577 619 &
1609 583 1645 618 in
1700 582 1868 631 plurimis

249 641 457 678 animalibu-
507 641 677 691 expedite
721 640 893 677 humores
921 640 1046 679 vitales
1071 640 1331 677 circumfluunt
1359 669 1369 682 ,
1402 641 1534 689 quibus
1559 641 1656 679 nulla
1686 650 1782 680 certa
1810 655 1869 681 ce-

248 700 343 738 rebri
369 701 564 751 capitisque
583 700 703 737 similis
721 697 894 748 particula
927 699 995 744 est,
1016 701 1087 739 toti
1108 711 1245 750 nempe
1265 701 1469 738 ostreorum
1486 700 1521 738 ἃ
1538 702 1762 750 mytulorum
1779 703 1868 742 alio-

248 772 402 811 ruque
423 761 617 798 bivalviuni
650 759 754 797 claffi.

306 809 314 816 ”
361 820 486 866 Quare
524 820 741 858 crediderim
767 832 927 866 nervos,
954 821 1017 870 qui
1044 822 1187 859 arterias
1215 820 1378 865 adeunt,
1403 822 1529 870 utique
1560 819 1604 857 ad
1635 823 1707 858 vim
1741 834 1865 861 earum

248 880 496 919 contraffilem
526 882 706 930 pertinere
725 909 735 924 ,
761 879 931 932 fibrisque
951 892 1073 918 earum
1100 882 1239 918 carneis
1264 881 1302 917 id
1328 880 1465 917 mobile
1490 882 1711 929 principium
1732 884 1865 932 imper-

249 942 316 977 tire
346 969 356 983 ,
406 940 507 989 quod
537 952 555 977 a
594 941 710 977 nervis
755 952 879 978 carnes
929 947 1154 977 mutuantur.
1226 938 1358 990 Neque
1397 939 1508 978 credo
1543 940 1703 978 alienum
1740 942 1809 979 effe
1843 955 1864 982 a

247 1001 322 1037 veri
348 999 486 1049 specie,
513 1011 575 1037 eos
605 1011 737 1036 nervos
768 1000 870 1049 posse
892 1000 947 1037 vel
972 1000 1085 1047 magis
1116 998 1305 1037 irritabiles
1341 1001 1486 1037 arterias
1513 1000 1688 1044 reddere,
1717 1002 1772 1039 vel
1797 1003 1863 1040 mi-

248 1071 338 1102 nus,
371 1061 495 1107 prouti
517 1058 551 1096 in
572 1058 654 1108 ipfis
671 1059 741 1096 istis
759 1061 876 1098 nervis
897 1059 1087 1096 ineffabilis
1106 1071 1146 1097 ea
1162 1061 1318 1098 mutatio
1341 1059 1515 1109 praecessit
1532 1086 1544 1104 ‚
1583 1073 1662 1110 quae
1696 1064 1861 1109 prurien-

243 1126 317 1156 tem
342 1131 471 1157 eorum
500 1119 640 1156 sensum
669 1119 836 1157 intendit.
889 1119 961 1158 Sed
986 1117 1150 1167 inprimis
1178 1119 1298 1157 cordis
1322 1119 1428 1169 ipfius
1457 1126 1622 1158 naturam
1647 1122 1860 1159 irritabilem

242 1178 441 1217 increscere
458 1206 471 1225 ,
512 1191 604 1230 aque
624 1191 750 1215 nervea
770 1191 791 1214 n
808 1181 973 1216 oratione
996 1179 1225 1217 celerrimum
1248 1182 1324 1228 ejus
1341 1182 1469 1229 organi
1485 1188 1628 1218 motum
1641 1209 1649 1222 ,
1664 1192 1864 1231 veramque

241 1237 519 1277 convulsionem
550 1238 704 1288 produci
735 1237 836 1287 poffe
861 1264 872 1285 ‚
915 1245 1024 1288 atque
1056 1238 1147 1279 adeo
1180 1239 1297 1291 ipsum
1331 1240 1474 1277 fontem
1513 1246 1636 1277 motus
1675 1241 1858 1289 sanguinis

240 1311 337 1338 nova
369 1300 586 1349 scaturigine
609 1299 731 1347 augeri
751 1299 942 1348 probabile
964 1299 1026 1343 fit,
1045 1305 1084 1336 ut
1102 1310 1148 1336 ex
1164 1300 1407 1351 palpitatione
1429 1300 1658 1338 manifestum
1685 1301 1754 1347 est,
1780 1312 1864 1348 quae*

238 1359 277 1396 in
307 1360 355 1397 ira
371 1385 383 1404 ,
405 1359 542 1408 gaudio
558 1387 571 1405 ,
590 1365 650 1396 aut
678 1357 855 1396 desiderio
873 1385 884 1404 ‚
908 1360 943 1396 ὃς
978 1358 1247 1409 exspectatione
1271 1359 1487 1398 observatur.
1553 1359 1622 1398 Sed
1660 1373 1699 1398 ea
1733 1363 1857 1401 omnia

240 1418 278 1455 in
310 1420 603 1458 ultimis,late1e
650 1418 839 1455 elementis
870 1417 979 1456 video
1017 1444 1030 1463 ,
1071 1431 1192 1467 neque
1233 1420 1277 1457 ad
1311 1420 1558 1468 experimenti
1599 1419 1709 1457 fidem
1750 1433 1856 1459 revo-

240 1479 311 1514 cari
340 1478 455 1528 poss'e.
518 1478 578 1519 De
605 1477 750 1522 modo,
783 1490 858 1529 quo
892 1479 1052 1518 adfestus
1085 1479 1227 1517 animus
1262 1491 1396 1529 corpus
1426 1486 1541 1518 mutat
1570 1509 1580 1524 ‚
1613 1481 1701 1520 alibi
1726 1480 1863 1520 reffius

235 1537 386 1579 dicetur.

417 1662 448 1704 ς.
475 1656 517 1697 Χ
533 1658 575 1698 X
591 1655 711 1697 XVI
728 1659 759 1698 ἶ..
799 1653 886 1697 Cau
906 1670 938 1698 ιε
961 1654 1145 1698 veriores.
1188 1652 1413 1699 Contradiio
1437 1655 1685 1700 arteriarum,

318 1776 378 1815 De
409 1772 671 1815 contraCtione
703 1773 914 1816 arteriarum
957 1777 1044 1816 alibi
1073 1777 1182 1815 fufius
1213 1777 1372 1817 diximus
1401 1777 1498 1830 (ς),
1527 1781 1590 1819 hic
1618 1790 1740 1819 tamen
1757 1778 1852 1819 mutss

228 1842 261 1873 tia
287 1836 498 1886 supersunt,
530 1838 662 1887 quibus
702 1837 824 1875 noster
858 1838 976 1877 sermo
1014 1849 1133 1876 carere
1168 1849 1245 1874 non
1279 1839 1407 1887 potest.
1471 1838 1639 1878 Dubnm
1675 1839 1851 1891 equidem

226 1897 373 1935 nullum
403 1897 483 1942 est,
513 1899 694 1945 majorum
720 1899 929 1936 arteriarum
946 1928 956 1943 ,
980 1910 1060 1948 quae
1088 1896 1228 1935 alterne
1257 1900 1419 1942 micant,
1460 1899 1680 1938 diametrum
1707 1908 1850 1939 tantum

225 1968 291 2005 per
326 1957 422 1995 suam
456 1957 747 1995 contrat'tionem
775 1957 924 2002 aretari,
953 1965 1132 2008 quantum
1161 1957 1272 2006 paulo
1301 1960 1399 2008 prius
1417 1970 1434 1995 a
1452 1962 1571 1997 cordis
1590 1961 1625 1997 vi
1648 1961 1744 1998 aucta
1766 1961 1848 2004 suit,

226 2024 335 2066 atque
361 2019 454 2055 adeo
486 2020 690 2066 regenerari
719 2030 799 2055 eam
828 2020 929 2062 vim,
963 2029 1075 2068 quam
1109 2029 1173 2054 cor
1200 2015 1238 2054 in
1273 2018 1453 2056 dilatanda
1483 2021 1606 2057 arteria
1634 2020 1843 2069 impendit,

223 2074 347 2115 frustra
375 2079 503 2127 utique
525 2107 534 2121 ,
572 2076 594 2113 fi
624 2077 668 2114 ad
692 2077 875 2126 sanguinis
910 2086 1058 2116 motum
1091 2077 1354 2129 progreffivum
1391 2080 1500 2116 unice
1536 2079 1742 2129 respexeris.
1809 2080 1847 2117 Si

224 2136 322 2173 enim
350 2139 467 2186 major
500 2138 550 2174 vis
586 2137 845 2190 contraeiionis
871 2139 1051 2176 arteriosae
1076 2140 1197 2180 foret,
1227 2135 1354 2175 arteria
1381 2138 1463 2186 post
1488 2137 1671 2188 singulum
1700 2138 1844 2188 pulsum

224 2193 354 2234 arctior
379 2196 478 2235 fieret
508 2207 517 2235 :
543 2195 567 2233 fi
587 2198 732 2242 minor,
766 2198 850 2247 post
871 2197 1053 2248 singulum
1073 2196 1220 2250 pulsum
1244 2198 1375 2247 majori
1396 2197 1492 2236 foret
1519 2199 1706 2238 diametro.
1746 2197 1844 2237 Hinc

1754 2270 1838 2297 curn

310 2368 372 2406 (r)
397 2370 542 2401 Vssm„
564 2374 669 2405 Exam.
691 2368 866 2411 olfi'sallop.
899 2383 931 2412 p.
956 2378 1001 2408 36.
1037 2371 1238 2406 1³1⁵:an
1261 2371 1390 2413 definio
1409 2378 1504 2415 p.46.
1528 2375 1670 2408 Lucas
1701 2374 1737 2414 of
1754 2368 1857 2406 mine*

222 2410 268 2439 ral
293 2412 409 2442 Writers
428 2412 470 2444 T.
499 2412 523 2443 I.
546 2424 574 2453 p.
592 2419 659 2453 ¹58-
674 2414 732 2443 Sec.

301 2454 361 2491 (ι’)
379 2453 413 2485 L.
436 2454 470 2486 11.
492 2466 522 2493 p.
549 2467 598 2491 71.
630 2463 681 2491 72.
698 2453 731 2485 L.
752 2453 811 2488 IV.
841 2466 870 2496 p.
891 2467 959 2495 435.
979 2466 1052 2493 440.

968 2612 1002 2626 x
