1968 2706
271 185 361 226 23⁶
439 173 487 218 L.
511 174 592 221 VI.
628 169 816 221 SECT.
845 173 908 220 ΙΙ.
971 161 1306 220 εΑΝευῐΝῐς
1342 177 1456 222 PER
1497 179 1797 224 amam-As

273 276 455 314 continuo
483 289 500 312 a
528 275 775 314 contractione
798 272 959 325 legitima
986 282 1195 327 reparetur,
1215 277 1331 325 magis
1356 276 1393 313 δι
1418 276 1533 326 magis
1563 278 1725 317 arteriam
1757 277 1884 318 dilatass

274 337 326 377 ri,
359 347 441 372 cum
473 334 632 383 fingulus
659 335 780 385 pulsus
810 335 947 385 aliquid
971 336 1150 373 diametro
1185 335 1301 372 addat.
1366 334 1497 385 Neque
1527 336 1668 379 obstat,
1704 337 1805 386 quod
1832 350 1885 375 ar-

273 394 363 432 teria
394 393 488 431 tensa
514 394 626 441 magis
651 393 781 431 refistat
808 390 845 443 (l
863 395 884 443 )
900 422 911 439 ‚
937 401 996 433 aut
1024 394 1243 432 chordarum
1273 392 1450 431 flexiones
1473 392 1541 431 fint
1565 395 1605 431 in
1628 395 1769 434 ratione
1794 407 1887 445 pon-

276 452 405 491 derum
433 452 648 490 flettentium
679 452 927 501 subduplicata
947 482 958 497 ,
993 459 1101 503 atque
1128 453 1221 491 adeo
1243 452 1342 490 anna
1364 453 1400 489 vi
1424 451 1647 491 distendente
1673 459 1716 490 ut
1737 466 1789 502 4,
1816 454 1887 492 fle-

276 512 342 549 xio
370 513 503 548 arteriae
536 520 708 560 augeatur
739 514 847 552 unice
872 519 912 550 ut
941 525 965 551 2
996 507 1146 565 (stt),
1191 513 1228 549 &
1253 511 1291 547 in
1331 511 1476 549 dilatata
1506 512 1633 549 arteria
1664 511 1805 561 sanguis
1835 524 1889 550 te-

277 571 436 608 tardetur
467 569 574 619 (m).
640 570 737 609 Nam
772 572 838 609 sub
873 580 1122 622 aneurysmate
1167 570 1350 609 contracta
1379 571 1507 608 arteria
1536 570 1756 609 adfedtiones
1780 570 1891 610 habet

280 629 365 667 vasis
397 643 494 680 pene
523 630 655 676 claufi,
692 633 729 670 &
754 632 927 670 columna
957 632 1140 681 sanguinis
1170 631 1305 669 arteriae
1333 629 1488 668 dilatatae
1520 631 1636 678 maj0r
1665 630 1725 669 est.

825 749 857 788 S.
910 748 1048 789 vm.
1081 743 1137 788 Et
1171 742 1332 798 efflares„

704 862 1040 907 Membranarum
1079 865 1238 907 arteriae
1277 860 1462 921 denfiztz‘a.

368 988 421 1026 Ab
451 998 495 1024 eo
526 985 652 1024 effed'cu
679 986 823 1024 initium
851 987 1025 1029 facimus,
1060 988 1123 1037 qui
1154 986 1191 1024 in
1226 988 1332 1025 omni
1358 985 1568 1023 animalium
1595 996 1752 1033 genere,
1781 988 1892 1036 inque

285 1048 454 1086 omnibus
478 1046 611 1082 arteriis
628 1045 754 1083 locum
770 1046 888 1083 habet.
951 1046 1096 1095 Nempe
1111 1073 1123 1091 a
1143 1047 1231 1084 dum
1252 1046 1451 1083 secundum
1479 1045 1786 1095 perpendiculum
1815 1046 1894 1083 san-

285 1107 365 1156 guis
388 1108 424 1142 in
451 1106 584 1142 arteriae
614 1106 766 1156 parietes
801 1106 925 1142 nititur
944 1133 953 1148 ‚
993 1107 1150 1153 primam
1179 1104 1398 1154 pteffionem
1424 1104 1586 1151 impertit
1608 1100 1744 1141 intimae
1780 1116 1895 1142 mem-

284 1168 429 1208 branae,
456 1175 607 1213 eamque
630 1165 672 1201 ab
701 1166 759 1202 axi
783 1164 827 1201 ad
850 1164 1028 1201 ambitum
1064 1164 1215 1214 expellit
1245 1190 1257 1209 ‚
1289 1164 1377 1201 dum
1409 1164 1566 1200 exterior
1597 1162 1678 1208 illa,
1705 1164 1896 1212 laxiorque

287 1222 457 1262 cellulosa
487 1220 556 1259 tela
588 1223 631 1259 ab
655 1223 724 1260 inu
754 1224 935 1271 sanguinis
965 1225 1162 1265 remotior,
1197 1225 1317 1260 minus
1340 1221 1478 1271 pressa,
1504 1233 1582 1258 non
1620 1223 1696 1269 pari
1726 1221 1822 1271 paffu
1852 1221 1895 1258 ab
1926 1246 1929 1247 γ

288 1282 345 1322 axi
371 1290 578 1321 removetur
606 1283 684 1319 :ita
712 1282 783 1325 fit,
818 1290 859 1319 ut
889 1283 1023 1320 arteriae
1055 1285 1195 1319 interna
1226 1282 1432 1319 membrana
1464 1281 1509 1319 ad
1541 1282 1715 1317 extimam
1745 1281 1896 1332 propius

288 1342 460 1385 accedat,
483 1343 518 1378 ὃς
536 1341 688 1384 anulus,
722 1353 831 1390 quem
855 1342 992 1379 arteriae
1021 1343 1172 1389 parietes
1203 1341 1430 1378 constituunt
1461 1370 1470 1383 ‚
1505 1342 1687 1377 minorem
1716 1341 1753 1376 in
1783 1339 1898 1389 quali-

286 1404 351 1440 bet
376 1402 530 1440 senione
558 1400 788 1437 latitudinem
819 1407 880 1437 aut
910 1399 1096 1437 crass'itiem
1125 1402 1301 1442 retineat,
1329 1398 1417 1435 dum
1446 1411 1517 1436 una
1543 1400 1582 1435 in
1605 1401 1724 1436 minus
1744 1399 1896 1450 spatium

289 1458 487 1510 compat‘tae
513 1459 731 1497 membranae
753 1459 954 1496 densantur.
1019 1459 1060 1497 Id
1085 1458 1358 1508 phaenomenon
1395 1458 1566 1507 equidem
1603 1459 1709 1495 unice
1738 1459 1773 1494 in
1801 1464 1897 1494 arte-

289 1522 349 1558 riis
374 1517 593 1568 frigidorum
618 1519 828 1556 animalium
845 1517 946 1561 vidi,
962 1520 998 1555 in
1021 1519 1153 1568 quibus
1177 1518 1340 1555 dilatatio
1366 1517 1410 1554 ab
1438 1517 1590 1567 expulso
1611 1517 1656 1554 de
1684 1517 1795 1556 corde
1825 1515 1899 1554 san-

290 1582 402 1628 guine
427 1579 526 1616 nulla
553 1577 711 1627 sequitur
732 1590 739 1614 :
773 1579 860 1627 quin
881 1590 965 1615 vero
986 1579 1021 1614 in
1051 1577 1173 1616 calidis
1198 1577 1314 1615 bestiis
1343 1575 1470 1615 locum
1493 1576 1622 1614 habeat
1641 1602 1652 1620 ‚
1678 1577 1792 1626 inque
1819 1575 1897 1625 ipso

292 1640 443 1677 homine
464 1667 474 1681 ‚
506 1649 583 1675 non
610 1637 752 1674 videtur
780 1637 935 1674 dubitari
963 1636 1062 1686 posse

387 1697 432 1734 In
460 1696 600 1745 frigidis
625 1702 721 1734 certe
751 1695 907 1732 bestiolis
933 1696 1118 1734 manifesto
1141 1696 1241 1738 vidi,
1268 1696 1303 1733 δε
1329 1695 1535 1744 frequenter
1553 1722 1562 1736 ‚
1588 1694 1675 1730 dum
1701 1693 1821 1730 cordis
1847 1695 1898 1730 vis

292 1756 466 1805 languet,
496 1757 531 1792 &
556 1754 737 1802 sanguinis
761 1755 868 1805 copia
899 1755 935 1790 in
961 1756 1095 1792 arteriis
1121 1756 1255 1802 exigua
1281 1754 1354 1795 est,
1385 1753 1511 1789 lumen
1538 1753 1671 1789 arteriae
1699 1764 1850 1800 parvum
1887 1782 1897 1796 ,

294 1815 355 1852 sed
384 1814 561 1862 insignem
587 1814 765 1864 parietum
781 1813 848 1849 effe
875 1812 1184 1861 craffitiem(n).
1220 1812 1266 1850 Ea
1296 1820 1415 1849 autem
1443 1810 1576 1848 arteriae
1601 1810 1767 1848 conditio
1794 1813 1831 1848 in
1847 1811 1901 1860 sy-

293 1874 383 1912 stole
414 1874 546 1911 arteriae
572 1872 677 1909 calidi
709 1872 870 1909 animalis
896 1873 1021 1921 utique
1047 1872 1150 1910 adest.
1185 1871 1353 1913 Deinde,
1375 1870 1522 1919 quando
1551 1869 1665 1906 redux
1697 1870 1816 1907 cordis
1843 1871 1901 1906 vi-

295 1946 365 1982 gor
391 1933 517 1981 justam
553 1932 733 1978 sanguinis
764 1942 901 1980 penum
927 1932 963 1968 in
993 1932 1156 1969 arteriam
1190 1930 1346 1979 impellit
1374 1956 1385 1973 ‚
1431 1936 1584 1977 augetur
1611 1930 1649 1964 in
1681 1930 1775 1965 ranis
1813 1935 1901 1966 arte-

296 1994 430 2029 riarum
451 1992 574 2028 lumen
600 1988 681 2038 (o)
697 2018 706 2033 ,
734 1991 769 2026 &
791 1992 867 2038 pari
891 1992 1031 2027 ratione
1058 1990 1348 2027 membranarum
1369 1986 1535 2025 craffities
1571 1986 1794 2024 diminuitur.
1830 1986 1900 2024 Sed

297 2052 326 2087 is
347 2051 452 2089 status
477 2049 642 2087 diastoles
668 2048 842 2086 arteriosae
867 2047 1066 2087 simillimus
1085 2049 1145 2089 est.
1210 2046 1298 2085 Vidi
1321 2054 1443 2086 autem
1472 2046 1597 2083 lumen
1625 2047 1760 2083 arteriae
1786 2046 1901 2084 inanis

1825 2116 1901 2157 non

382 2244 440 2280 (l)
460 2243 608 2274 SENAC
632 2243 674 2274 T.
696 2243 887 2282 11.p.203.

383 2284 474 2321 (ἰ*)
502 2286 736 2317 SAUVAGES
761 2287 794 2315 cle
818 2286 986 2321 inflammat.
1013 2294 1043 2322 p.
1067 2295 1136 2322 254.

381 2328 459 2362 (m)
479 2325 542 2356 Mo
558 2338 574 2356 n
590 2337 607 2357 c
620 2337 638 2357 Α
653 2338 671 2356 u
695 2328 818 2356 mechan.
837 2325 924 2362 prael.
948 2336 977 2363 p.
1002 2337 1051 2359 47-
1074 2326 1154 2356 conf.
1179 2323 1224 2352 W
1238 2331 1311 2354 m'r
1325 2333 1400 2356 nin
1414 2333 1431 2352 G
1449 2334 1467 2353 rt
1481 2332 1499 2352 Δ
1513 2332 1542 2353 Μ
1563 2323 1582 2353 l.
1599 2333 1624 2353 c.
1646 2334 1675 2363 p.
1709 2331 1775 2358 132·

383 2368 453 2402 (n)
474 2370 575 2398 Second
596 2370 686 2400 Mem.
707 2365 761 2406 sur
783 2368 805 2396 le
822 2370 998 2396 mouvement
1021 2368 1061 2397 du
1076 2365 1150 2407 fizng
1177 2363 1255 2405 Exp.
1281 2375 1324 2399 91.
1350 2376 1396 2400 9²·
1417 2369 1482 2403 ¹83·

385 2408 459 2445 (0)
483 2408 563 2448 Exp.
593 2419 642 2446 91.
667 2419 715 2443 92·
747 2420 794 2447 95.
832 2414 896 2444 183.
