1968 2706
266 184 345 223 352
694 167 837 211 LJB.
871 167 1004 213 VII.
1047 169 1401 214 SECRETio.

261 273 401 309 bumen
422 268 505 308 abit.
535 249 572 307 A*
587 265 782 318 putredine
807 267 900 307 adeo
931 269 1046 307 aliena
1077 264 1165 318 (lz)
1197 271 1303 308 muci
1322 276 1448 308 natura
1466 269 1597 317 est‚ut
1615 271 1761 323 integro
1775 287 1876 316 anno

260 329 488 369 conservatus
518 328 653 379 absque
685 329 808 367 faetore
835 326 883 377 (τ’
899 328 916 376 )
950 328 1128 367 manserit.
1167 328 1321 368 Pondus
1355 329 1404 367 est
1429 329 1532 380 quod
1556 341 1658 380 aquae
1675 362 1686 376 ,
1723 343 1784 374 aut
1806 337 1876 375 ali.

262 391 532 440 quantominus
559 386 659 438 (k).
691 388 809 427 Solidi
826 389 998 426 elementi
1013 400 1122 439 quam
1136 401 1226 439 aqua
1243 389 1325 441 plus
1345 389 1478 432 habet,
1512 395 1610 427 certe
1626 393 1664 429 in
1687 394 1875 434 nonnullis

262 450 437 501 exemplis
455 477 464 491 ‚
489 456 530 486 ut
564 447 712 488 siccatus
737 479 748 493 ‚
774 448 966 499 postquam
993 460 1125 500 aquam
1148 450 1377 487 exhalantem
1404 447 1518 488 amisit
1534 447 1551 501 (
1569 444 1614 499 l)
1642 479 1652 496 ‚
1681 452 1719 489 in
1747 455 1878 494 crustas

261 511 423 559 asperas,
449 508 669 560 fragilesque
701 509 832 551 abeat.
865 520 951 547 nam
980 508 1027 547 de
1054 510 1228 547 omnibus
1260 511 1358 547 muci
1397 509 1587 558 generibus
1612 540 1622 555 ,
1653 511 1771 562 deque
1799 525 1879 552 ure-

262 570 350 607 turae
378 579 489 606 muco
514 569 550 605 &
577 570 855 613 intestinorum,
881 569 1174 621 experimentum
1202 580 1280 607 non
1311 569 1441 608 habeo.
1476 568 1518 607 In
1540 572 1645 609 omni
1667 582 1780 610 muco
1797 573 1882 622 g10÷

262 628 369 667 bulos
402 628 489 666 oleo
519 627 709 668 familiares
740 629 831 667 olim
863 628 1110 668 GoRmus
1143 628 1242 677 (m)
1276 629 1377 667 vidit.

358 689 503 738 Aquam
528 700 613 727 cum
638 689 725 727 oleo
751 687 906 733 miscet,
937 695 1037 727 certe
1064 701 1112 728 ex
1139 689 1273 742 plantis
1296 688 1410 726 sumta
1443 687 1630 738 mucilago
1662 720 1674 734 ‚
1705 690 1807 742 quod
1839 691 1882 730 ul

260 749 427 797 tuusque
460 755 594 787 naturae
625 749 805 799 particeps
833 748 876 787 fit
904 746 996 798 (n).
1037 747 1133 787 Nam
1164 750 1203 787 in
1239 748 1369 798 plantis
1398 749 1569 788 universis
1602 779 1611 793 ,
1647 750 1684 787 ὃς
1715 753 1752 788 in
1777 750 1879 790 olivis

262 806 344 857 ipsis
368 809 407 845 in
432 807 558 845 oleum
584 809 668 847 abit.
713 807 857 846 Virides
885 807 1062 847 viscidum
1090 821 1241 847 mucum
1273 808 1360 846 dant
1376 836 1386 851 ‚
1416 816 1564 847 maturae
1585 809 1710 848 oleum
1731 810 1747 857 (
1765 821 1784 848 0
1801 811 1832 858 ).

367 866 544 906 Chemica
572 860 822 917 eirperimenta
851 869 890 906 in
921 880 1034 907 muco
1066 868 1154 906 faeta
1179 880 1254 907 rara
1277 868 1425 909 exstant.
1464 868 1506 907 In
1544 869 1658 908 calida
1693 871 1899 909 induratur*

267 925 380 979 (p),
407 927 520 976 inque
550 928 637 976 igne
668 929 706 965 in
725 928 893 966 carbonis
919 926 1078 978 speciem
1101 929 1302 967 amburitur
1327 927 1439 981 (q):
1464 928 1524 967 sed
1551 930 1660 967 etiam
1685 930 1765 968 lens
1789 930 1883 981 crys-

263 987 412 1029 tallina,
438 985 590 1037 aliaeque
613 999 732 1038 aqueo
755 987 863 1026 succo
890 989 996 1027 ebriae
1022 989 1189 1040 corporis
1210 988 1422 1039 particulae,
1443 988 1595 1038 perinde
1622 990 1666 1029 ab
1697 991 1782 1040 igne
1801 991 1883 1043 mug‘

262 1052 394 1084 tantur.

360 1105 502 1156 Liquor
526 1106 572 1145 de
588 1107 676 1146 vino
702 1107 914 1154 destillans3
945 1110 1010 1160 qui
1026 1107 1150 1158 paffim
1168 1102 1263 1156 ignis
1292 1108 1538 1160 phaenomena
1557 1109 1720 1148 imitatur
1737 1137 1747 1153 ,
1773 1107 1883 1148 etiam·

261 1177 415 1204 mucum
440 1165 670 1216 aliquantum
696 1169 799 1216 cogit
833 1168 915 1216 (r)
936 1198 947 1212 ‚
975 1167 1046 1206 five
1072 1179 1182 1216 purus
1201 1168 1310 1206 fuerit
1343 1197 1354 1212 ,
1395 1167 1465 1206 five
1485 1179 1538 1206 ars
1582 1170 1731 1208 modice
1756 1166 1880 1206 fucato

263 1225 403 1275 spiritui
425 1224 580 1263 effentiae
607 1238 748 1265 nomen
775 1227 998 1277 imposuerit.
1035 1226 1113 1272 Qui
1139 1237 1227 1264 vero
1252 1226 1298 1266 de
1325 1228 1421 1266 nitro
1447 1255 1458 1270 ‚
1487 1225 1557 1265 sale
1578 1252 1591 1270 ‚
1624 1228 1808 1271 alumine,
1831 1228 1883 1265 vi-

263 1283 376 1326 triolo
394 1311 407 1329 ‚
437 1285 531 1324 acidi
554 1285 680 1324 latices
708 1285 976 1326 vehementiori
1006 1287 1094 1335 igne
1116 1286 1312 1324 eliciuntur
1333 1313 1345 1332 ‚
1380 1285 1471 1325 adeo
1500 1289 1661 1331 meraci,
1697 1293 1738 1325 ut
1769 1297 1884 1336 vapo-

263 1355 343 1382 rem
371 1346 409 1383 in
434 1357 554 1384 aerem
581 1346 827 1396 conspicuum
856 1345 1093 1389 diffundant,
1125 1346 1296 1397 pituitam
1323 1345 1416 1384 adeo
1447 1357 1526 1384 non
1556 1353 1726 1395 cogunt,
1753 1352 1793 1384 ut
1813 1346 1883 1384 sol-

263 1403 346 1444 viffe
377 1403 439 1443 vifi
465 1404 533 1443 sint
558 1404 636 1455 (s).
668 1406 698 1444 A
720 1405 869 1444 vitriolo
895 1414 1016 1445 tamen
1031 1417 1170 1455 cupreo
1189 1407 1276 1454 cogi
1293 1405 1425 1443 dicitur
1444 1405 1461 1453 (
1481 1415 1496 1442 s
1509 1410 1529 1432 ³*
1547 1406 1564 1453 )
1579 1435 1590 1449 ‚
1610 1407 1646 1444 ἃ
1661 1406 1705 1444 ab
1720 1405 1880 1444 alumine

265 1467 405 1511 (s’l‘*).
429 1463 605 1503 Lixiviofi
629 1464 716 1503 sales
741 1465 927 1516 mediique
955 1467 1124 1516 pituitam
1157 1476 1234 1503 non
1267 1465 1412 1503 solvunt
1443 1465 1532 1516 (t).

350 1523 525 1563 Adhibito
543 1526 631 1574 igne
653 1554 664 1569 ‚
692 1524 826 1575 absque
845 1525 971 1564 emiffo
1005 1525 1123 1564 odore
1137 1553 1147 1568 ,
1167 1525 1207 1562 in
1234 1525 1434 1563 carbonem
1454 1524 1650 1576 insipidum
1669 1544 1682 1570 -,
1718 1524 1755 1561 &
1774 1523 1884 1562 insul-‘

1799 1584 1881 1622 sum

349 1676 416 1714 (h)
439 1676 587 1707 SENAc
611 1682 650 1708 tr.
671 1678 713 1708 du
731 1688 806 1708 eccur
829 1676 871 1708 Τ.
897 1677 942 1709 Π.
970 1687 1001 1717 p.
1022 1688 1096 1708 101.
1118 1674 1371 1713 Quam-2111.
1395 1679 1423 1705 c.‘

350 1720 413 1754 (i)
440 1721 593 1750 Continent.
621 1721 716 1751 Acad.
743 1721 844 1750 Scient.
870 1721 1008 1758 Petropol.
1038 1730 1065 1750 v.
1084 1716 1168 1749 XIV.
1195 1729 1226 1757 p.
1255 1727 1322 1752 209.

349 1761 418 1795 (k)
438 1759 480 1790 Su
492 1770 542 1790 NA
555 1770 572 1789 c
595 1759 615 1792 1.
631 1772 658 1792 c.
681 1763 722 1792 ob
741 1760 904 1791 admistum
924 1769 1002 1800 puto
1027 1770 1130 1792 aerem
1142 1777 1151 1792 2
1173 1758 1350 1800 graviorem
1370 1757 1454 1789 euim
1474 1757 1531 1790 esse
1544 1757 1709 1794 convenit,
1739 1758 1794 1798 qui
1812 1758 1879 1798 plus

263 1807 355 1833 rei-rae
381 1801 551 1832 contineat.

268 1883 299 1916 T
337 1842 414 1913 I(Il)
443 1841 583 1873 SENAC
609 1843 629 1875 1.
651 1853 677 1874 c.
706 1842 817 1873 BOER
831 1852 852 1874 H
867 1854 889 1874 A
902 1853 984 1875 AVE
1009 1844 1043 1874 de
1059 1841 1161 1881 fabric.
1188 1842 1285 1880 gland.
1309 1851 1338 1881 p.
1365 1850 1413 1872 ιο.
1438 1838 1536 1878 QUE
1549 1850 1626 1872 SNA
1640 1852 1651 1872 ι
1681 1851 1763 1875 eccon.
1790 1844 1880 1878 anim,

301 1907 309 1915 ·
337 1910 342 1913 —
374 1905 381 1914 ·
403 1893 517 1923 P-347-

354 1925 434 1963 (m)
458 1924 532 1956 Diis.
551 1927 585 1956 de
598 1926 706 1964 pituita
726 1935 755 1957 n.
780 1930 827 1962 38.
1138 1963 1142 1968 ¹

346 1968 421 2003 (γε)
448 1965 512 2007 obs
539 1967 610 2006 osa
629 1969 686 1999 Soc.
715 1974 747 1998 at
773 1967 860 1999 Lond.
900 1966 942 1999 T.
965 1967 988 1998 L
1015 1965 1053 1996 ad
1075 1965 1124 1996 fin.

347 2011 361 2045 (
377 2020 391 2039 o
407 2011 420 2043 )
443 2008 497 2040 LE
511 2019 570 2048 mn
584 2018 603 2038 R
615 2018 637 2040 Y
661 2016 700 2041 tr.
716 2010 763 2040 des
782 2010 898 2040 alimens
922 2008 965 2040 T.
988 2006 1008 2038 I.
1034 2018 1063 2047 p.
1091 2012 1157 2044 308.

351 2053 421 2087 (p)
447 2050 594 2081 SEN‘Ac
626 2051 644 2080 l.
667 2061 692 2081 c.

348 2091 493 2131 (q)1n
509 2102 566 2122 EM
591 2091 663 2122 ibid.
690 2102 719 2131 p.
747 2101 813 2123 102.

349 2137 388 2170 (r
403 2135 417 2170 )
443 2134 576 2165 Andreas
597 2132 624 2163 R
635 2144 659 2164 U
672 2143 695 2163 n
709 2145 720 2162 1
736 2143 754 2163 G
768 2145 783 2163 E
793 2144 814 2166 R
825 2154 833 2168 ‚
849 2132 900 2163 vel
916 2132 1087 2171 christianus
1101 2131 1232 2163 Adamm
1251 2132 1277 2162 G
1288 2139 1307 2159 ο
1320 2139 1341 2161 n
1354 2135 1396 2166 ες
1415 2139 1504 2168 quem
1526 2129 1632 2161 titulus
1649 2127 1807 2161 auctorem
1818 2138 1874 2160 vo-

267 2180 335 2206 eut,
361 2176 390 2206 iu
415 2174 479 2205 diff.
499 2175 533 2204 de
551 2176 659 2212 pituita
683 2174 791 2214 Lipsiae
817 2183 884 2205 aun.
907 2181 995 2210 1718.
1015 2174 1097 2206 edita
1112 2194 1120 2209 ‚
1148 2174 1175 2203 ἃ
1197 2174 1231 2203 iu
1246 2173 1354 2205 Tomo
1370 2171 1439 2202 VH.
1465 2170 1660 2203 collectionis
1680 2181 1756 2204 meae
1776 2172 1878 2204 recusa

270 2226 296 2245 c.
318 2214 343 2248 Ι.
366 2227 395 2247 11.
420 2222 466 2247 153.

352 2259 422 2294 (s)
446 2258 563 2288 Imm
590 2257 609 2288 l.
636 2267 664 2289 c.
686 2266 716 2287 n.
742 2268 770 2291 7.
789 2267 836 2287 ιι.

353 2297 450 2336 (5²⁸²)
472 2297 535 2330 Ru
549 2306 574 2328 τ
588 2307 646 2329 ΤΥ
666 2295 781 2338 Jjntopfi
812 2308 843 2336 p.
863 2300 932 2330 262.
948 2305 1016 2336 263.
1035 2295 1131 2328 etiam
1144 2296 1177 2328 iu
1190 2298 1270 2336 aqua
1283 2295 1425 2327 minerali
1451 2306 1564 2335 cuprea
1584 2305 1613 2334 p.
1632 2304 1700 2330 291.
1722 2295 1760 2326 dc
1788 2295 1877 2335 sputo

271 2341 352 2371 enim
368 2362 377 2375 ,
406 2347 459 2370 aut
483 2350 575 2370 muco
600 2339 740 2371 faucium
764 2338 907 2379 intelligo
930 2361 938 2374 ,
969 2340 1022 2370 etsi
1045 2339 1105 2371 Vir
1132 2338 1180 2371 Cl.
1211 2337 1338 2369 salivam
1360 2337 1517 2369 nominat.
1541 2335 1691 2370 Martium
1720 2336 1879 2369 vitriolum

269 2384 392 2414 salivam
419 2392 482 2412 uon
500 2380 589 2422 cogit
611 2393 642 2421 p.
665 2393 733 2419 239.
758 2390 839 2419 aqua
863 2380 1024 2412 vitriolica
1047 2381 1150 2412 miuus
1176 2381 1192 2412 I
1206 2391 1230 2413 D
1244 2390 1304 2412 ΕΜ
1329 2390 1358 2420 p.
1379 2385 1451 2412 268.

350 2421 664 2460 (s**)RU¹1''1'Y
688 2433 717 2463 p.
735 2433 803 2456 217.

352 2466 415 2502 (t)
439 2465 531 2496 Gon
546 2474 568 2494 N
596 2474 625 2497 u.
652 2473 702 2503 ¹7·
736 2462 845 2495 Etiam
868 2471 986 2504 cogunt
1014 2464 1096 2499 RUT
1111 2473 1165 2497 'ry
1190 2475 1220 2505 p.
1246 2471 1318 2502 406.
