1968 2706
537 160 723 213 SECT.
767 163 846 211 ΙῙ.
939 166 1218 210 CRUOR.
1645 183 1720 219 115

113 269 282 311 'haetenus
319 276 496 309 tentatum
526 269 665 317 fuerat,
697 267 877 317 sanguinis
906 267 1054 318 copiam
1082 266 1120 303 in
1148 264 1286 305 calcem
1323 264 1492 310 reduxit,
1524 265 1609 304 inde
1636 266 1721 306 lixi-

113 335 172 370 vio
202 331 317 375 saeco,
353 331 461 368 salem
489 329 603 366 fixum
643 340 743 366 novo
772 329 808 365 Sc
844 326 1063 364 vehemente
1092 326 1178 374 igne
1211 323 1311 363 torsit
1333 321 1419 375 (l).
1472 326 1524 364 Ita
1557 339 1717 375 paucum

111 394 267 429 omnino
299 402 470 432 acorem,
502 388 538 424 &
579 388 623 425 de
658 387 927 437 quinquaginta
965 383 1147 434 sanguinis
1191 385 1290 422 libris
1329 387 1484 423 omnino
1529 385 1717 426 drachmas

110 459 269 499 quatuor
300 461 409 498 grana
445 446 651 485 oerodecim
690 445 812 494 (m),
846 447 959 495 inque
991 447 1063 484 alio
1098 446 1377 493 experimento,
1417 457 1463 483 ex
1495 447 1600 484 uncia
1640 447 1718 484 salis

110 510 173 547 fixi
197 509 377 557 sanguinis
406 506 595 544 drachmas
622 512 693 545 tres
721 517 803 545 vere
830 505 947 548 acidi,
971 505 1103 544 nieraci
1128 504 1280 554 liquoris
1308 505 1469 543 obtinuit
1492 503 1580 556 (n).
1613 505 1718 545 Prior

107 570 231 618 portio
261 567 309 604 est
336 568 448 604 totius
469 566 651 615 sanguinis
674 564 784 616 ἷξε-ς,
818 564 928 602 altera
962 563 1057 615 :1355-
1104 561 1198 600 Eum
1226 575 1325 601 nunc
1347 576 1506 608 acorem,
1527 565 1590 603 sub
1618 568 1717 615 prin-

108 629 199 677 cipia
240 627 346 674 hujus
380 624 502 671 seculi,
539 625 768 663 medicorum
799 625 984 674 principes
1017 635 1095 661 non
1123 623 1226 661 valde
1258 621 1426 661 lubenter
1458 626 1712 674 recipiebant,

104 688 167 737 qui
216 698 333 736 nuper
376 685 516 723 acidam
558 685 657 722 illam
701 683 1108 722 TACHENIANAM
1167 683 1204 720 δε
1256 680 1714 724 ΗΕιΜοΝΤιΑΝΑΜ

102 747 318 783 morborum
352 745 534 782 theoriam
564 744 796 787 refutassent‚
828 755 949 794 neque
984 742 1088 780 facile
1118 742 1448 795 persuaderentur,
1476 745 1515 781 in
1550 746 1714 783 animali-

100 817 165 842 um
198 805 369 853 sanguine
398 816 521 842 verum
551 815 701 841 acorem
724 801 885 852 reperiri.
925 802 1070 849 Quare,
1099 802 1203 853 quod
1232 803 1445 840 invenerant
1473 804 1567 841 acidi
1593 804 1714 854 liquo-

100 866 146 901 ris
176 863 335 902 Romani
367 862 508 901 Medici
532 861 630 913 (o),
661 863 697 900 δι
732 863 903 912 princeps
929 861 1211 900 LANc1S1us
1239 860 1343 914 (P),
1365 868 1450 901 ‘turn
1482 861 1526 902 H.
1556 861 1581 900 B
1598 876 1621 901 o
1639 876 1658 901 a
1675 878 1711 902 a·

98 935 124 960 H
137 935 158 960 A
171 936 193 960 A
206 937 227 960 v
242 936 260 961 E
285 924 348 977 (cl)
363 922 495 971 aliique
513 918 576 971 (r),
596 921 634 959 id
650 932 761 959 omne
777 922 822 960 ad
836 921 944 961 'salem
958 923 1140 960 marinum
1173 922 1389 965 retulerunt,
1416 923 1478 972 qui
1492 924 1658 971 pertinax
1670 923 1709 962 in

97 983 302 1032 liquoribus
335 982 503 1019 humanis
533 981 701 1024 resideat,
736 984 857 1031 nuper
888 981 925 1018 in
947 981 1080 1021 sudore
1108 994 1126 1020 a
1165 968 1372 1020 Theodoro
1402 981 1614 1020 Timacum
1640 981 1710 1036 (s),

97 1042 338 1080 celeberrimo
376 1041 522 1079 medico
552 1040 723 1079 dercilus.
762 1040 898 1078 Bolum
934 1041 993 1079 alii
1019 1039 1092 1092 (t)
1135 1041 1373 1086 accusarunt,
1414 1054 1524 1092 quam
1556 1043 1708 1081 destilla-

94 1098 190 1141 tioni
219 1102 284 1140 suae
314 1101 350 1139 V
367 1114 377 1137 1
394 1112 414 1138 E
433 1112 544 1138 ussa
561 1112 586 1137 N
603 1110 676 1138 tus
702 1098 913 1142 addiderat,
939 1100 978 1136 in
1007 1111 1084 1150 quo
1114 1108 1212 1138 certe
1240 1109 1414 1139 terrarum
1441 1113 1577 1150 genere
1606 1114 1708 1142 verus

93 1173 178 1199 acor
221 1159 394 1200 vitriolici
431 1161 573 1209 generis
611 1160 708 1198 latet.
758 1157 838 1198 Alii
872 1164 1071 1209 utrumque
1106 1158 1250 1198 fontem
1289 1163 1567 1208 coniunxerunt
1602 1160 1703 1211 (u),

94 1232 215 1257 aerem
244 1220 457 1258 accusarunt
481 1220 541 1258 alii
573 1221 679 1265 (x);
719 1219 849 1269 nuperi
881 1216 1042 1270 denique
1072 1217 1153 1256 Itali
1188 1218 1349 1265 medici,
1378 1219 1533 1261 breviter
1561 1222 1706 1261 nodum

92 1279 266 1327 gordiam
311 1280 476 1318 secarunt
505 1305 518 1324 ,
563 1286 604 1317 ut
658 1280 758 1320 hunc
808 1278 955 1318 acidum
996 1278 1143 1317 laticem
1191 1279 1347 1319 omnino
1391 1281 1545 1331 reperiri
1588 1293 1706 1331 nega-

91 1346 172 1376 rent
281 1367 289 1376 .

176 1334 314 1436 gebira
361 1395 426 1436 V1
439 1409 458 1434 E
474 1409 497 1434 u
510 1408 555 1436 ss
568 1409 587 1435 a
600 1410 685 1436 mu
699 1407 718 1436 s
757 1396 869 1435 decus
900 1396 1006 1436 suum
1043 1397 1312 1450 inventumque
1347 1398 1478 1438 acriter
1505 1400 1673 1440 tuebatur
1692 1413 1700 1439 ε

91 1458 128 1495 &
167 1458 318 1508 quidem
350 1467 427 1494 non
458 1468 505 1494 ex
535 1456 626 1495 bolo
654 1457 671 1504 (
685 1451 745 1510 z)
787 1455 856 1494 effe
899 1456 1004 1495 facile
1034 1456 1221 1502 ostendit,
1257 1470 1344 1496 cum
1379 1459 1533 1509 perinde
1566 1461 1702 1511 absque

88 1516 208 1561 bolo,
236 1514 395 1555 adhibita
438 1527 543 1554 arena
585 1515 695 1568 (a),
736 1515 873 1554 bolove
901 1512 992 1566 (b)
1018 1537 1031 1562 5
1068 1516 1113 1554 de
1152 1528 1225 1567 qua
1262 1515 1383 1555 omnis
1431 1529 1519 1556 acor
1547 1519 1701 1558 sollicite

89 1575 235 1614 eduCtus
266 1575 411 1624 fuisset,
441 1582 502 1613 aut
529 1575 690 1626 denique
718 1574 900 1623 sanguinis
937 1575 1021 1672 solljs
1048 1575 1195 1614 faecibus
1229 1573 1251 1631 (
1267 1574 1319 1628 c)
1345 1577 1511 1626 adjeffis,
1547 1579 1699 1630 perinde

1032 1645 1057 1674 2
1652 1638 1699 1678 de

167 1748 180 1784 (
190 1750 223 1787 l)
244 1748 281 1780 In
305 1748 382 1779 deux
402 1743 605 1787 dzfflrtations:
622 1749 653 1779 in
668 1746 750 1788 Epist,
762 1747 802 1781 ad
810 1745 952 1789 quasdam
972 1748 1103 1779 medicin.
1117 1747 1223 1788 fhcult.
1242 1753 1275 1783 in
1293 1759 1330 1784 tr.
1345 1752 1390 1783 des
1401 1751 1528 1794 liqueurs
1536 1763 1567 1794 p.
1579 1763 1629 1790 70.
1641 1754 1697 1786 &a

163 1792 240 1827 (m)
269 1788 369 1821 Traite¹
391 1790 438 1819 aes
455 1789 582 1830 liqueurs
601 1788 620 1821 l.
634 1801 660 1822 c.

165 1832 237 1868 (n)
259 1831 336 1861 Ibid.
359 1841 391 1870 p.
408 1841 458 1867 73.

163 1874 233 1908 (ο)
254 1870 357 1910 Philo-s?
375 1869 522 1909 Tranfizc‘i.
544 1879 657 1909 n.264.

159 1916 222 1952 (p)
244 1914 296 1945 Ad
313 1912 349 1943 Μ
360 1924 377 1943 Ε
389 1922 407 1942 R
421 1923 438 1942 c
452 1922 472 1942 Α
485 1921 509 1943 Τ
523 1924 534 1943 1
554 1915 706 1946 metalloth.
720 1925 749 1955 p.
767 1923 813 1955 37.
825 1913 856 1944 di
878 1937 884 1944 .
898 1922 944 1944 xv.

160 1958 226 1996 (q)
247 1956 265 1984 1.
286 1966 311 1986 c.
330 1950 445 1993 procqffi
472 1962 626 1986 101.1z6.

159 2000 226 2034 (r)
248 1997 305 2028 HA
322 2007 372 2026 HN
395 1997 429 2025 de
441 1990 504 2034 sale
516 1993 586 2034 fials.
621 2007 650 2037 p.
673 2007 743 2028 xxx.

164 2039 227 2077 [r]
251 2037 289 2068 In
315 2037 350 2069 L.
382 2037 463 2068 colic.
481 2036 550 2075 piei.
575 2036 612 2069 In
640 2037 854 2071 vitriariorum
883 2036 1003 2070 indusiis
1035 2039 1237 2081 congelatum
1276 2041 1370 2073 salem
1396 2039 1481 2074 vidi,
1514 2051 1592 2075 num
1627 2052 1693 2076 ma-

77 2078 158 2114 rinus
183 2080 271 2113 esset,
288 2089 353 2112 non
373 2078 503 2110 memini
517 2089 568 2111 me
589 2079 782 2120 inquisivisse«,

159 2123 225 2159 [t]
250 2120 344 2153 Conf.
371 2120 455 2152 Vn.
471 2132 494 2154 U
510 2131 545 2152 ss
560 2133 633 2153 reus
655 2124 730 2154 deux
749 2120 811 2164 diff.
833 2134 863 2162 p.
889 2133 936 2153 11.

158 2163 226 2199 [u]
248 2161 269 2193 P
281 2175 292 2193 ι
303 2172 328 2194 '1'
341 2174 357 2192 c
370 2172 389 2193 n
401 2172 420 2192 R
433 2175 453 2192 N
466 2173 484 2193 E
506 2165 540 2193 de
559 2172 640 2202 opera
657 2175 745 2205 quam
763 2165 874 2204 praestat
895 2167 1010 2196 acidum
1031 2164 1070 2202 ἓξ
1087 2164 1171 2195 alcalz·
1192 2173 1224 2202 p.
1251 2172 1317 2205 159.

158 2205 232 2240 [x]
253 2202 312 2235 Cui
335 2203 452 2242 sanguis
473 2204 588 2236 diutius
608 2208 760 2245 expositus
782 2206 884 2237 suisset
901 2205 924 2236 P
939 2218 949 2237 1
963 2218 982 2236 N
996 2217 1011 2237 ιι
1024 2217 1043 2236 ῑ,
1059 2217 1096 2236 rr
1122 2215 1154 2244 p.
1178 2212 1247 2237 228.
1261 2219 1331 2243 229.

180 2245 230 2282 gy]
250 2245 286 2276 In
307 2244 391 2286 praef.
418 2246 457 2277 ad
489 2245 549 2279 Gn
563 2258 575 2277 1
589 2258 625 2278 Sl
652 2251 781 2288 Lettere,
807 2248 840 2280 in
870 2258 930 2288 qua
960 2248 1096 2279 citantur
1121 2246 1333 2288 experimenta
1362 2247 1532 2284 Florentiae
1555 2248 1639 2282 fasta
1662 2259 1688 2280 ²-

77 2294 200 2363 1747&
215 2327 230 2362 ]
256 2325 319 2358 Etfi
336 2328 368 2359 in
392 2330 467 2361 bolo
493 2329 614 2362 acidum
636 2332 720 2364 sedet
738 2331 770 2367 V
781 2343 793 2364 ι
806 2343 823 2364 ε
838 2342 862 2366 U
878 2343 887 2364 s
901 2343 912 2364 s
928 2343 973 2365 EN
984 2343 995 2365 s
1019 2331 1083 2365 diss'.
1098 2341 1127 2371 P·
1145 2336 1191 2363 ¹8³

155 2368 230 2446 ΙΙὲα]
258 2367 356 2399 Traite¹
379 2373 425 2400 des
447 2373 569 2411 liqueurs
593 2383 624 2412 p.
648 2377 696 2405 66.

183 2409 223 2488 b}
246 2413 331 2441 Deux
352 2409 414 2451 diff?
426 2422 456 2451 p.
479 2417 526 2443 16.

181 2460 195 2480 c

155 2452 174 2490 [
246 2450 345 2484 Traz'te'
369 2454 415 2485 des
433 2455 556 2494 liqueurs
576 2464 606 2495 p.
621 2462 658 2487 11
665 2466 692 2493 3.
