1968 2706
263 155 346 193 268
499 140 545 186 L.
576 141 669 188 VI.
695 136 880 189 SECT.
906 141 971 188 ΙΙ.
1005 145 1272 189 εΛΝευῐΝῐε
1325 145 1417 188 PER
1452 144 1687 191 ARTERIAS

930 305 970 360 ς.
1031 308 1072 348 Χ
1103 308 1119 348 1
1149 308 1203 348 X.

741 421 842 467 Alia
888 423 1066 482 Pulfitzcm
1124 422 1359 481 discrimina.

361 600 515 652 Reliqua
544 604 664 653 pulsus
691 605 897 645 discrimina
921 618 999 645 non
1026 607 1178 654 perinde
1198 613 1403 645 accuratam
1427 605 1630 657 mensuram
1665 604 1872 645 admittunt.

275 661 423 699 Poterat
445 662 539 700 forte
562 675 607 700 ex
634 663 695 701 ST
714 678 894 703 RuTHn
920 665 1072 704 confilio
1103 663 1179 713 (t)
1199 695 1208 708 ‚
1229 667 1340 704 robur
1366 666 1485 716 pulsus
1500 666 1664 715 pondere
1702 665 1875 714 imposito

278 720 445 766 definiri,
472 722 574 770 quod
601 724 730 773 utique
752 737 771 762 a
795 725 916 763 valido
942 723 1062 763 cordis
1093 727 1235 774 impetu
1262 727 1405 773 majus,
1438 737 1547 774 quam
1577 738 1595 763 a
1623 726 1789 767 minori,
1810 725 1881 761 ele-

277 786 442 817 varetur:
470 792 547 817 non
573 784 661 818 novi
691 794 813 820 tamen
839 814 849 827 ,
888 796 1109 834 quemquam
1152 785 1442 834 experimentum
1482 783 1616 822 feciffe.
1683 782 1806 831 Ergo,
1841 791 1882 820 ut

277 841 402 887 paucis
432 839 568 877 summa
602 853 721 879 rerum
750 852 939 882 momenta
968 845 1219 891 adtingamus,
1247 855 1399 891 magnus
1429 844 1550 892 pulsus
1581 845 1647 881 erit
1677 869 1688 888 ‚
1735 844 1772 878 in
1800 853 1875 890 quo

278 900 417 935 arteriae
443 898 618 936 diameter
655 913 764 949 quam
796 904 953 939 maxima
977 902 1148 940 redditur.
1213 901 1396 949 Eiusmodi
1425 903 1547 950 pulsus
1571 902 1693 951 potest
1715 901 1751 938 δε
1772 912 1791 937 a
1808 912 1883 938 ma-

279 969 351 1005 gna
387 957 483 995 unda
504 958 623 995 cordis
652 959 752 1003 fieri,
780 961 848 998 &a
879 961 1048 1009 minori(
1072 960 1148 1009 u);
1175 974 1194 998 a
1223 973 1353 1010 magna
1382 962 1579 1011 equidem,
1612 961 1637 999 s1
1654 963 1692 998 in
1718 960 1884 997 arteriam

279 1028 356 1053 non
386 1016 488 1053 valde
514 1018 660 1068 plenam
695 1020 730 1055 &
753 1019 970 1058 dilatabilem
987 1050 998 1064 ,
1035 1033 1053 1058 a
1075 1022 1108 1057 vi
1132 1020 1268 1058 robusti
1299 1020 1441 1064 cordis,
1465 1033 1577 1071 quarn
1598 1020 1776 1070 plurimus
1810 1018 1886 1056 san-

281 1077 360 1123 guis
389 1076 589 1124 impellitur
613 1089 620 1113 :
649 1090 666 1114 a
697 1090 802 1127 parva
820 1105 831 1126 ,
864 1080 1010 1128 quando
1039 1080 1166 1117 arteria
1191 1079 1296 1115 valde
1329 1080 1457 1128 plena,
1482 1080 1596 1129 qualis
1614 1082 1650 1116 in
1670 1077 1882 1130 plethorico

282 1135 432 1171 homine
458 1136 506 1172 est
531 1136 764 1186 (x)‚super
786 1149 864 1175 eam
887 1139 1180 1186 plenitudinem,
1205 1150 1360 1180 novam,
1385 1141 1490 1175 etiam
1508 1151 1584 1176 non
1607 1139 1803 1175 maximam
1817 1149 1885 1174 uu-

281 1195 365 1230 dam
387 1193 566 1242 sanguinis
596 1197 728 1244 accipit
752 1225 760 1239 ‚
790 1198 827 1232 in
850 1209 924 1245 quo
952 1197 1101 1246 quidem
1134 1195 1235 1245 pulsu
1257 1196 1437 1234 diversitas
1456 1198 1622 1234 diametri
1652 1208 1729 1233 non
1751 1207 1884 1243 magna

281 1254 370 1295 erit,
408 1252 432 1288 fi
463 1253 612 1300 systolen
643 1266 727 1291 cum
754 1256 902 1292 diastole
923 1257 1197 1304 comparaveris.
1244 1255 1372 1292 Plenus
1413 1257 1533 1306 pulsus
1568 1269 1585 1293 a
1629 1266 1764 1303 magno
1802 1266 1886 1291 vere

282 1324 358 1349 non
393 1311 512 1349 differt
539 1311 724 1363 (y)‚nis1
752 1315 893 1362 pulsum
924 1315 1114 1362 posteriori
1151 1315 1234 1351 loco
1274 1314 1408 1351 dictum
1449 1317 1596 1364 plenum
1636 1312 1741 1350 malis
1776 1324 1887 1362 quam

280 1382 431 1419 parvum
461 1383 602 1410 vocare.
636 1372 795 1420 Magnus
827 1374 899 1410 fere
927 1373 1029 1410 fortis
1060 1374 1131 1420 est,
1158 1385 1316 1422 cumque
1341 1377 1506 1411 arteriam
1535 1374 1635 1412 valde
1667 1375 1808 1415 elevet,
1836 1371 1889 1408 di·

284 1431 351 1477 giti
378 1430 469 1466 adeo
495 1431 644 1482 pulpam
679 1431 808 1478 majori
839 1432 1044 1469 discrimine
1072 1433 1200 1470 cedere
1240 1434 1352 1479 cogit.

369 1487 528 1536 Magnus
562 1490 652 1526 adeo
674 1491 794 1538 pulsus
818 1493 909 1534 erit,
939 1493 1082 1539 quoties
1108 1492 1242 1528 multus
1278 1492 1313 1526 in
1342 1491 1453 1528 corde
1482 1493 1624 1540 sanguis
1650 1491 1834 1532 abundat,
1854 1489 1890 1524 ἃ

283 1559 348 1584 eor
376 1559 460 1584 eum
483 1548 693 1597 sanguinem
723 1550 836 1587 valide
865 1557 1069 1601 promovet.
1131 1550 1225 1588 Cum
1263 1550 1424 1587 tarditate
1454 1564 1606 1600 inriguus
1649 1561 1714 1588 erit
1733 1580 1742 1594 ‚
1779 1560 1891 1599 quan-

285 1607 334 1643 do
360 1606 504 1644 libertas
537 1607 676 1646 arteriae
710 1608 871 1652 summa,
907 1609 1039 1646 stimuli
1068 1609 1162 1646 adest
1194 1621 1302 1658 quam
1330 1611 1545 1653 minimum,
1589 1611 1767 1648 &tamen
1798 1610 1891 1644 vires

285 1664 406 1702 cordis
421 1665 608 1704 sufficiunt.
645 1667 829 1714 Ejusmodi
861 1668 981 1716 pulsus
998 1669 1099 1705 estin
1121 1669 1269 1704 homine
1285 1667 1459 1706 athletico
1486 1668 1559 1720 (z).
1594 1669 1688 1707 Cum
1709 1668 1890 1705 celeritate

288 1735 439 1772 magnus
472 1726 521 1762 est
549 1752 560 1770 ,
590 1725 738 1775 quando
763 1725 897 1764 multus
910 1725 1063 1777 sanguis
1094 1727 1260 1764 &cordis
1284 1727 1534 1765 vehementior
1561 1729 1668 1764 nixus
1690 1755 1700 1770 ,
1725 1737 1807 1763 cum
1827 1724 1894 1760 ob-

1759 1783 1892 1822 staculo

378 1958 443 1992 (t)
470 1968 499 1995 p.
531 1967 598 1988 101.

377 2008 447 2042 (u)
481 2007 641 2041 Ejm‘modi
672 2010 790 2049 pulsum
818 2013 909 2048 negat
933 2014 1078 2045 maguum
1105 2006 1160 2037 effe
1180 2008 1222 2037 lll.
1244 2009 1288 2039 Sc
1303 2021 1320 2040 u
1335 2022 1356 2041 R
1370 2021 1386 2041 E
1402 2022 1413 2041 1
1426 2023 1442 2040 rt
1458 2021 1474 2042 a
1488 2022 1505 2041 R
1519 2023 1537 2041 u
1553 2023 1564 2038 κ
1589 2032 1596 2043 ,
1637 2010 1708 2049 quia
1742 2011 1893 2041 diameter

295 2047 414 2085 systoles
435 2047 466 2077 iu
490 2049 616 2080 diastole
645 2061 708 2081 nou
736 2051 824 2080 valde
850 2054 987 2088 augetur.
1020 2050 1107 2079 Elem.
1130 2052 1227 2080 medic.
1253 2063 1282 2090 p.
1312 2061 1378 2088 373.
1417 2053 1476 2082 Sed
1504 2062 1634 2092 maguus
1661 2063 1731 2082 crim
1750 2053 1783 2082 sit
1801 2070 1809 2084 ‚
1834 2060 1896 2080 cre-

304 2089 375 2118 dam
398 2099 514 2119 nomen
538 2092 664 2121 tolerari
690 2092 782 2131 posse.

378 2145 449 2179 (x)
473 2144 490 2173 S
510 2155 528 2173 τ
542 2155 569 2174 AE
584 2156 600 2173 H
614 2157 629 2174 Ε
643 2155 659 2173 L
674 2155 684 2173 1
698 2156 714 2172 N
739 2146 770 2172 de
794 2140 874 2180 pulsu
907 2152 935 2179 p.
957 2155 981 2177 9-
1013 2143 1152 2174 l’arvunf
1164 2144 1307 2182 equidem
1335 2151 1426 2174 vocat
1455 2147 1615 2175 (wilielmus
1637 2145 1662 2177 C
1675 2156 1693 2175 o
1707 2159 1727 2177 1(
1740 2159 1756 2178 13
1772 2157 1794 2176 U
1810 2157 1831 2176 R
1845 2155 1865 2174 N
1880 2155 1897 2173 ε

294 2182 534 2224 offensa-senff&
556 2197 586 2224 p.
614 2190 659 2215 16.
693 2185 778 2223 quod
802 2185 952 2213 diameter
976 2194 1081 2222 parum
1110 2193 1280 2224 augeatur:
1323 2186 1371 2215 cui
1394 2186 1499 2216 eldam
1522 2187 1676 2225 responsio
1694 2188 1849 2219 convenit.

378 2242 452 2277 (y)
483 2239 589 2277 Neque
614 2239 800 2278 peculiarem
824 2239 958 2270 faciebat
982 2240 1101 2278 pulsum
1131 2240 1155 2270 G
1170 2251 1189 2271 A
1203 2251 1311 2271 LENU
1327 2251 1338 2270 s
1375 2243 1408 2271 de
1429 2240 1489 2280 diff.
1509 2240 1579 2280 pulJI
1612 2241 1644 2273 L.
1663 2243 1714 2273 lll.
1745 2253 1771 2273 c,
1793 2250 1820 2272 6.
1845 2249 1897 2270 ne-

297 2284 365 2319 que]
385 2280 420 2310 G.
441 2280 474 2311 C.
504 2281 610 2310 Soui-
629 2291 859 2311 LHAMMER
891 2290 997 2318 p.51.

379 2323 449 2357 (z)
470 2322 717 2352 Scuwauuss
753 2333 782 2362 p.
812 2328 860 2358 48.
