1968 2706
440 158 693 200 'MOTUS
755 151 1300 197 PROG'RES'SIV‘U'S.
1591 155 1677 203 '191

71 256 149 313 ‘que
170 256 301 299 re'listat
325 257 505 308 impetui,
534 256 571 294 δι
607 257 644 292 in
666 255 818 293 vcanibus
846 252 1084 302 grandiorum
1110 252 1218 290 etiam
1255 248 1464 289 arteriarum
1488 249 1636 291 vulnera
1662 264 1681 290 a

70 319 192 360 lcoaai
222 319 359 358 cruoris
388 328 521 366 grumo
547 315 758 363 sanguin-em
784 313 934 351 fundere
962 312 1226 356 prohibeantur
1245 313 1260 353 (
1275 322 1312 347 x
1328 307 1352 356 ).

163 380 322 428 Negavit
346 377 514 425 equidem
543 375 721 411 rationem
753 373 860 420 hujus
888 371 1096 409 visciditatis
1128 371 1250 408 haberi
1280 369 1439 412 debere,
1466 370 1554 407 acris
1591 369 1680 407 olim

77 439 216 489 ingenii
241 440 294 476 vir
325 431 513 489 Georgius
543 428 748 472 Erkardzcs
776 431 1101 470 HAMBERGER
1130 433 1176 479 (y
1194 434 1222 475 ,).
1273 428 1422 466 Verum'
1440 427 1497 466 vel
1527 428 1599 467 sola
1625 430 1680 465 in-

78 500 184 546 jefflo
215 495 413 536 anatomica
442 493 546 531 facile
585 488 768 535 ostendit,
803 504 913 542 quam
953 502 1084 539 magna
1118 491 1257 527 ratione
1282 488 1422 526 facilius
1458 500 1549 537 aqua
1590 500 1679 538 pura

79 570 144 607 per
161 566 359 605 corporum
385 555 627 592 animatorum
650 553 730 590 vasa
758 560 929 600 urgeatur
951 581 960 594 ‚
994 549 1019 587 fi
1045 561 1130 587 cum
1147 548 1249 587 tardo
1264 549 1386 597 aliquo
1415 547 1680 598 viscidoqueli-

79 629 191 667 quore
208 644 218 658 ,
247 627 325 652 cera
345 642 354 656 ‚
383 613 513 651 sebove
530 639 541 657 ‚
568 613 843 665 comparaveris.

163 675 240 713 Alia
268 673 388 711 adhuc
417 674 508 710 ratio
533 672 709 724 est,4qua
737 668 865 708 viscidi
893 669 1052 718 liquores
1079 674 1223 706 motum
1248 664 1513 718 progreffivum
1538 664 1678 714 sangui.

71 733 132 771 *nis
162 732 360 771 debilitant.
408 731 552 780 Nempe
578 731 623 768 ad
664 731 811 768 suorum
847 728 1026 767 canalium
1058 729 1210 778 parietes
1244 727 1279 763 &
1316 723 1498 774 sanguinis
1531 725 1676 774 globuli

76 793 310 832 adtrahantur
328 821 337 835 ,
370 792 405 829 &
431 790 651 840 lymphatica
677 791 850 838 gelatina„
909 787 1005 826 Illud
1037 787 1186 837 quidem
1220 786 1492 836 phaenomenon
1518 784 1607 834 saepe
1628 785 1678 823 vi-

77 851 139 897 di,
166 860 207 890 ut
247 858 372 889 contra
411 851 602 899 proprium
631 850 777 899 pondus
818 848 862 886 ad
899 849 1055 898 parietes
1088 848 1203 884 etiam
1235 846 1432 883 exteriores
1473 845 1679 881 arteriarum

76 912 219 960 globuli
247 911 344 948 rubri
377 911 614 947 retinerentur
657 909 746 955 (z)
771 921 778 945 :
810 908 845 945 <Sc
880 905 1017 944 diisech
1050 907 1176 943 arteria
1196 935 1221 949 ‚,
1241 905 1419 942 foramine
1464 903 1680 941 mesenterio

75 972 236 1015 inflicto,
261 979 380 1007 tamen
408 969 549 1016 sanguis
580 968 623 1004 ad
644 968 817 1005 circulare
843 967 969 1003 lumen
993 965 1140 1002 disciffae
1168 966 1303 1002 arteriae
1331 969 1489 1000 retentus
1523 962 1680 1001 defluere

76 1038 225 1080 negaret
257 1030 311 1076 (α
328 1030 356 1074 )-
424 1027 545 1070 Hinc,
579 1038 661 1064 nam
689 1029 796 1064 etiam
822 1026 897 1062 huc
922 1027 1043 1074 priora
1065 1025 1315 1073 experimenta
1332 1023 1507 1064 redeunt,
1532 1023 1567 1058 in
1597 1035 1682 1071 par-

76 1092 128 1128 vis
157 1088 368 1128 animalibus
398 1086 671 1133 haemorrhagiae
703 1087 762 1122 vix
797 1086 984 1129 oriuntur,
1006 1083 1108 1133 quod
1132 1084 1261 1130 majori
1286 1083 1320 1119 vi
1347 1081 1488 1129 sanguis
1512 1081 1556 1119 ad
1589 1089 1677 1118 arte-

76 1153 210 1188 riarum
238 1149 388 1198 parlietes
416 1145 651 1193 adtrahatur,
683 1156 792 1195 quam
818 1142 968 1193 quidem
994 1155 1012 1181 a
1038 1142 1148 1180 corde
1170 1141 1371 1191 *depellitur
1396 1136 1494 1189 (b).
1540 1140 1583 1178 In
1603 1152 1679 1189 my·

76 1211 160 1249 tulis
187 1208 427 1256 sanguinem,
463 1217 571 1254 quem
600 1204 718 1253 aliqua
749 1202 887 1241 vascula
915 1201 1140 1247 effuderant3
1168 1200 1235 1238 alia
1250 1200 1440 1238 resorbent
1477 1200 1529 1247 (c
1547 1201 1576 1248 ).
1615 1199 1684 1237 Sed

78 1272 186 1309 etiam
216 1266 409 1316 grandium
427 1266 637 1302 arteriarum
663 1293 673 1307 ,
706 1271 888 1313 aortaeque
917 1262 1083 1301 interiori
1110 1256 1215 1299 facies:
1245 1260 1336 1297 adeo
1365 1267 1541 1312 potenter
1563 1261 1685 1307 grumi

76 1328 264 1378 sanguinei
294 1325 538 1374 adhaerescunt
562 1353 571 1368 ‚
598 1331 641 1361 ut
660 1324 745 1361 huic
770 1323 906 1361 arteriae
935 1333 1002 1371 pro
1018 1322 1230 1359 membrana
1257 1319 1325 1356 smt
1343 1349 1353 1363 ,
1382 1319 1525 1370 ejusque
1553 1320 1591 1355 in
1609 1318 1688 1356 sub„

79 1390 238 1428 stantiam
259 1416 267 1428 ,
289 1397 398 1434 quam
421 1393 556 1421 vocant
571 1412 580 1427 ‚
604 1384 760 1420 omnino
787 1380 965 1419 transeant
993 1377 1091 1428 (d).
1278 1388 1281 1390 “

165 1446 222 1484 De
249 1444 397 1494 lympha
424 1444 513 1491 saepe
537 1445 573 1480 δε
597 1445 754 1493 repetito
783 1442 936 1483 monui,
973 1453 1051 1478 eam
1073 1439 1160 1477 albae
1187 1438 1328 1476 nebulae
1348 1438 1466 1487 specie
1489 1437 1629 1475 medios
1647 1439 1687 1475 in

80 1508 166 1544 rima
196 1504 370 1542 arteriolae
397 1513 541 1540 venaeve
572 1501 656 1538 laesae
695 1501 871 1549 globulos
906 1502 1043 1538 ambire
1071 1495 1154 1549 (e)
1183 1527 1192 1544 ‚
1242 1499 1277 1535 ἃ
1304 1508 1403 1534 venae
1432 1498 1561 1545 parieti
1594 1499 1685 1535 adeo

79 1565 260 1603 adhaerere
278 1589 289 1606 ,
318 1570 356 1598 ut
380 1562 469 1598 nihil
497 1560 698 1609 quidquam
729 1560 882 1604 effluat,
905 1571 990 1597 cum
1018 1558 1153 1597 detersa
1168 1569 1213 1595 rea
1236 1557 1368 1594 nebula
1397 1555 1579 1594 continuo
1610 1564 1689 1595 tor·

79 1625 189 1663 rentis
215 1623 259 1660 ad
291 1620 445 1658 modum
472 1621 612 1669 sanguis
639 1620 684 1655 de
712 1622 859 1657 vulnere
886 1626 1061 1668 erumpat.

149 1681 237 1720 Haec
252 1687 418 1718 caeterum
441 1679 594 1719 adhaefio
625 1670 685 1730 (j)
708 1681 746 1715 in
773 1677 978 1715 minoribus
1006 1677 1162 1719 tubum,
1181 1676 1288 1712 etiam
1320 1676 1546 1718 inanimatis,
1577 1676 1691 1724 inque

80 1742 249 1780 omnibus
262 1737 378 1776 fluidis
392 1741 488 1775 notis
503 1738 706 1776 constanter
725 1737 1154 1785 dominatur.Argentum
1175 1736 1294 1772 vivum
1310 1734 1570 1779 fluidiffimum,
1580 1734 1623 1773 ad
1641 1734 1703 1771 le-'

78 1801 254 1839 vissimum
274 1799 468 1837 barometri
491 1799 621 1835 vitrum
636 1825 645 1841 ,
665 1796 898 1835 vehementer
912 1796 1064 1834 trahitur
1077 1821 1089 1840 ‚
1105 1803 1148 1833 ut
1165 1794 1350 1844 capi-llares
1373 1795 1482 1832 tubos
1510 1795 1688 1832 omittam.

1631 1852 1692 1892 De

164 1998 234 2032 (τε)
255 1994 483 2027 3ΑσνΑ’σιε
511 1995 541 2026 in
563 1995 711 2026 HALzs
739 2004 769 2033 p.
788 2003 836 2032 43.
863 1993 1062 2024 SAvrARD
1092 2000 1151 2030 exp.
1172 1997 1220 2021 61.
1247 1990 1330 2021 conf.
1358 1987 1393 2020 L.
1419 1988 1451 2020 V.
1473 1999 1501 2028 p,
1521 2001 1574 2019 20.

162 2040 229 2075 (y)
251 2040 295 2068 Dc
315 2039 404 2067 cordis
427 2039 473 2066 dia
497 2039 536 2067 oie
562 2048 589 2067 n⁴
610 2037 649 2067 X.
674 2037 756 2066 conf.
781 2035 815 2066 L.
837 2035 887 2066 lV.
908 2046 935 2073 p.
958 2045 1028 2070 442.

164 2081 236 2115 (2)
256 2081 328 2117 Exp.
354 2091 402 2113 90.
427 2085 474 2115 98.
501 2085 566 2113 198.
591 2086 659 2109 216.
689 2087 758 2112 219.
788 2086 856 2107 220.
885 2076 935 2106 Ita
962 2076 1115 2115 palpebrae
1141 2071 1334 2112 interjectum
1358 2071 1509 2110 liquorem
1534 2070 1698 2101 adtrabunt

84 2120 172 2153 SAU
186 2131 206 2151 V
222 2132 240 2151 Α
257 2131 299 2149 GE
315 2131 326 2150 s
345 2119 458 2158 phjfiol.
480 2131 508 2160 p.
541 2123 606 2152 176.

161 2164 227 2198 (a)
253 2164 325 2200 Exp.
356 2170 420 2191 210.
444 2172 517 2191 211.
540 2171 607 2192 212.
632 2166 792 2197 213-214.

164 2216 230 2252 (b)
255 2215 349 2246 Ram
362 2226 379 2245 G
394 2225 410 2243 ε
423 2225 440 2244 R
458 2215 623 2252 physiologia*
647 2223 675 2243 n.
697 2222 764 2242 201.

165 2257 232 2292 (c)
254 2255 281 2285 H
297 2266 344 2286 AL
360 2268 375 2286 ε
388 2266 399 2285 s
426 2256 575 2294 hremgliac.
595 2265 623 2292 p.
645 2261 693 2289 95.
721 2254 766 2283 So
779 2262 873 2283 aws
888 2262 910 2283 N
924 2260 974 2285 ΚΞ
1001 2263 1031 2292 p.
1058 2253 1109 2287 274

167 2299 239 2333 (d)
271 2296 397 2335 Opust-ul.
420 2299 559 2335 pathe-loga
580 2293 641 2325 obs.
675 2304 709 2332 19
723 2316 731 2325 ,

167 2339 232 2375 (e)
265 2336 297 2368 L.
323 2338 365 2369 V.
388 2349 417 2377 p.
444 2347 509 2375 ης.

171 2379 231 2417 (f)
255 2379 334 2409 Eam
355 2379 435 2409 inter
457 2380 558 2409 causas
578 2384 689 2408 motus
709 2374 862 2416 sanguinis
884 2375 963 2406 varii
990 2373 1153 2413 scriptores
1181 2372 1347 2411 posuerunt
1373 2381 1401 2401 v.
1427 2375 1459 2409 g.
1489 2369 1687 2403 NEIFELD

83 2421 119 2449 de
140 2417 239 2459 ficret.
259 2431 290 2459 p.
314 2426 363 2460 ὃς.
387 2420 435 2456 86-
455 2420 503 2451 De
526 2420 600 2452 vasis
622 2417 728 2449 lacteis
758 2418 898 2448 adfirmat
914 2417 1024 2448 W-nY
1038 2425 1061 2448 Τ
1077 2424 1100 2448 '1'
1125 2413 1238 2454 phyfiol.
1264 2408 1307 2452 eff
1329 2423 1357 2451 p·
1379 2423 1429 2447 74»
