1968 2706
553 141 792 184 MOTUS
860 140 1262 184 LATERALIS0
1618 154 1700 194 235

96 245 190 286 citur
216 256 236 284 a
273 245 520 284 contractione
550 247 728 294 parietum
746 270 759 291 ‚
786 247 823 282 in
846 243 978 281 tubum
1004 244 1165 281 medium
1182 272 1193 286 ‚
1221 241 1333 294 inque
1349 254 1480 286 venas,
1510 255 1549 281 ea
1576 247 1701 293 portio

93 305 301 353 sauguinis,
338 317 420 353 quae
448 305 588 342 easdem
611 305 754 341 arterias
790 304 828 340 in
857 314 981 341 earum
1008 303 1157 340 diastole
1182 302 1396 341 dilataverat.
1461 303 1498 340 Si
1522 303 1603 352 plus
1627 304 1705 342 san-

30 400 36 402 t
93 362 218 412 guinis
243 365 282 400 in
311 375 416 401 venas
446 364 653 405 mitterent,
687 363 893 399 arteriarum
913 363 1038 399 lumen
1069 363 1290 399 minueretur
1315 364 1505 400 continuo.
1546 362 1593 400 Ea
1612 375 1703 412 ergo

93 423 205 470 copia
230 420 410 470 sanguinis
434 421 482 458 est
503 421 667 459 mensura
691 420 875 469 preffionis
902 419 1054 458 laterahs
1069 446 1081 464 ‚
1110 432 1189 468 quae
1218 424 1380 458 arteriam
1402 422 1570 459 dilatavit.
1591 421 1702 460 Nunc

91 479 118 517 fi
146 487 309 529 tempus,
338 491 413 529 quo
452 491 515 516 cor
541 480 714 527 languet,
740 482 912 517 arteriave
949 480 1198 522 contrahitur,
1240 479 1395 528 duplum
1434 480 1532 518 foret
1558 487 1703 532 tempo-

97 540 164 582 ris,
196 550 270 586 quo
292 550 356 575 cor
387 538 612 575 contrahitur
648 538 682 574 &
712 540 836 576 arteria
863 539 1030 582 laxatur,
1063 539 1099 575 &
1133 545 1254 576 tamen
1291 540 1329 575 in
1361 539 1506 588 systoles
1541 534 1610 578 suae
1634 542 1703 579 du-

91 597 158 646 plo
186 604 353 644 tempore
379 599 513 634 arteriae
538 610 614 634 non
646 597 726 645 plus
756 597 935 646 sanguinis
973 600 1011 635 in
1042 610 1149 635 venas
1177 599 1393 644 rejicerent,
1423 611 1532 647 quam
1559 601 1597 637 in
1621 601 1702 639 sub-

91 655 206 703 duplo
231 664 398 703 tempore
415 656 580 694 diastoles
597 685 606 699 ,
631 656 785 694 dimidio
806 669 895 706 ergo
920 660 1040 695 minor
1066 656 1150 694 esset
1181 657 1232 692 vis
1257 659 1376 694 cordis
1399 659 1437 694 in
1475 660 1625 707 parietes
1650 672 1704 697 ar-

90 715 262 752 teriarum
300 716 441 757 nitens,
475 727 513 752 ea
536 717 596 759 vi,
621 727 690 764 qua
718 715 929 763 sauguinem
956 718 1058 764 cogit
1086 718 1126 752 in
1157 727 1263 753 venas
1290 715 1435 753 transire
1462 714 1568 765 (d).
1633 720 1703 756 Ac-

94 775 252 810 curatior
280 773 442 811 mensura
472 774 608 825 pendet
631 785 650 810 a
684 773 830 812 certiori
863 775 1026 812 mensura
1051 775 1226 820 temporis
1264 776 1302 811 in
1329 773 1456 823 systole
1489 777 1608 814 cordis
1635 780 1702 814 im-

89 830 190 880 penfi
212 861 221 874 ,
255 844 325 880 qua
353 844 540 875 caremus,
565 834 601 869 δε
631 845 710 880 quae
735 836 890 871 omuino
919 836 1069 871 inventu
1100 831 1257 870 difficilis
1281 833 1331 870 est
1355 834 1409 880 (e
1431 835 1460 881 ).
1505 838 1700 884 Sanguinis

90 891 326 939 portionem,
355 903 434 940 quae
459 893 623 928 arteriam
654 892 856 936 distendat,
882 894 926 930 ad
952 891 973 944 ξ
998 894 1108 930 totius
1141 893 1321 940 sanguinis
1343 895 1389 932 de
1419 896 1528 932 corde
1562 895 1701 945 expulfi

92 948 237 986 aestimat
269 949 630 987 Serrai-:laeuus
666 945 740 1002 (f)
769 980 778 993 ‚
819 953 855 988 Sc
879 952 970 989 olim
1002 947 1220 1005 Stephanus
1248 952 1417 990 HALES
1459 956 1513 1008 (g
1532 956 1567 1002 ).-

179 1008 360 1046 Caeterum
377 1021 421 1046 eo
440 1011 561 1046 minor
591 1010 657 1046 erit
673 1010 801 1059 preffio
822 1011 972 1048 lateralis
989 1040 997 1053 ,
1027 1013 1153 1049 eadem
1181 1011 1294 1059 posita
1325 1013 1443 1050 cordis
1459 1016 1517 1057 vi,
1544 1026 1619 1064 quo
1636 1026 1698 1052 ex-

90 1065 250 1117 peditior
279 1067 460 1115 sanguinis
479 1068 646 1105 circuitus
664 1096 673 1109 ‚
698 1070 792 1107 &eo
811 1072 926 1116 major
940 1099 949 1112 ‚
980 1081 1055 1118 quo
1073 1072 1209 1118 maiora
1231 1070 1385 1108 offendit
1411 1073 1671 1121 impedimenta
1687 1099 1700 1117 ,

90 1128 205 1174 major
228 1126 320 1164 adeo
340 1152 353 1171 ,
375 1126 399 1164 fi
419 1129 583 1164 arteriam
608 1127 775 1175 ligaveris
794 1157 803 1171 ,
822 1129 1042 1166 obstruxeris
1064 1157 1074 1171 ,
1102 1129 1371 1176 compresseris,
1398 1132 1468 1168 alio
1494 1133 1610 1170 modo
1632 1133 1700 1168 irn-

91 1186 269 1234 pediveris
300 1180 355 1232 (ἦ
374 1187 394 1231 ).
461 1185 606 1224 Ostium
637 1194 745 1224 aortae
771 1199 841 1238 pro
869 1191 966 1225 vario
997 1188 1116 1224 cordis
1148 1186 1310 1236 impulsu
1335 1189 1419 1226 inde
1440 1203 1458 1226 a
1482 1199 1534 1233 36
1561 1192 1604 1228 ad
1642 1203 1700 1237 40

93 1245 129 1280 ἃ
156 1257 204 1291 50
224 1253 338 1293 partes
356 1242 494 1282 dilatari
518 1242 566 1292 (i)
583 1245 727 1282 aestr'mat
745 1245 810 1283 Vir
831 1246 1011 1284 Cel.1nde
1029 1248 1175 1284 deducit
1200 1246 1215 1282 Ι
1232 1259 1257 1283 D
1273 1260 1292 1284 E
1308 1260 1337 1285 m
1356 1248 1571 1287 Clariffimus
1584 1250 1701 1288 Iatro-

90 1304 368 1341 mathematicus
399 1330 411 1349 ‚
447 1306 484 1340 in
510 1304 608 1340 febre
639 1305 755 1342 multo
779 1308 957 1353 majorem
984 1314 1123 1354 partem
1151 1317 1272 1343 motus
1299 1320 1317 1344 a
1350 1308 1459 1345 corde
1484 1309 1628 1358 impulsi
1657 1310 1699 1346 in

94 1365 234 1399 arterias
268 1361 464 1401 dilatandas
497 1363 691 1406 consumi,
732 1377 852 1413 neque
877 1365 968 1404 adeo
1006 1364 1156 1414 perinde
1185 1373 1246 1402 aut
1279 1367 1524 1405 antecedentis
1555 1369 1661 1406 undae
1685 1397 1696 1412 ‚

93 1429 153 1458 aut
177 1423 355 1469 sanguinis
377 1423 635 1459 circumeuntis
657 1422 875 1460 celeritatem
902 1426 1026 1472 augeri
1044 1453 1053 1467 ,
1089 1425 1214 1460 tritum
1231 1437 1317 1462 vero
1339 1427 1375 1462 in
1394 1425 1566 1474 sanguine
1584 1429 1699 1465 maxi-

90 1491 192 1516 mum
209 1482 296 1517 oriri
311 1509 320 1523 ,
336 1483 429 1518 inter
449 1481 582 1518 undam
599 1481 848 1530 insequentem
863 1512 872 1526 ‚
889 1484 924 1520 δε
943 1484 1103 1532 priorem
1116 1483 1214 1520 illam
1230 1512 1238 1525 ‚
1254 1496 1332 1532 quae
1353 1483 1417 1532 ipfi
1435 1485 1484 1522 est
1499 1498 1568 1536 pro
1582 1487 1698 1525 obsta-

93 1539 176 1575 culo
196 1541 211 1579 (
227 1535 291 1583 k).
307 1538 391 1576 Eam
407 1540 556 1588 quidem
570 1540 860 1579 observationem
881 1544 929 1579 ita
941 1544 1160 1590 interpretor
1176 1567 1186 1584 ,
1209 1553 1251 1579 ut
1268 1542 1328 1579 fim
1343 1555 1486 1581 memor
1500 1573 1510 1587 ,
1534 1544 1557 1580 fi
1581 1548 1700 1594 magis
1731 1540 1733 1542 ¹

103 1597 296 1634 dilatantur
317 1600 450 1635 arteriae
471 1624 483 1642 ‚
513 1597 620 1636 etiam
649 1603 762 1648 magis
797 1601 983 1643 contrahi,
1019 1609 1125 1650 atque
1163 1600 1254 1638 adeo
1271 1631 1283 1644 ‚
1303 1601 1367 1638 nifi
1391 1603 1475 1640 velis
1501 1606 1640 1642 arterias
1657 1607 1695 1642 in

89 1655 248 1693 febribus
279 1658 315 1693 in
343 1658 587 1705 aneurysmata
607 1659 725 1701 abire,
752 1661 877 1707 utique
902 1660 1126 1698 celeritatem
1152 1659 1330 1708 sanguinis
1352 1663 1517 1708 intendi,
1550 1675 1634 1700 cum
1658 1665 1696 1701 86

91 1725 153 1752 cor
183 1714 313 1751 fortius
346 1728 430 1753 eum
457 1716 650 1754 humorem
679 1720 844 1766 projiciat
860 1745 874 1762 ,
899 1720 934 1755 δι
960 1720 1096 1756 arteriae
1122 1715 1374 1757 vehementius
1399 1722 1587 1761 contracstae
1607 1735 1693 1761 eum

90 1775 274 1823 potentius
311 1782 561 1822 promoveant.

179 1833 359 1872 Caeterum
379 1862 388 1877 ‚
411 1845 636 1884 quaecunque
667 1834 775 1885 hujus
802 1836 1021 1876 dilatationis
1044 1835 1206 1876 mensura
1229 1839 1363 1883 fuerit,
1386 1846 1524 1878 certum
1549 1840 1693 1883 est,nifi

994 1895 1028 1933 G
1050 1907 1076 1943 g
1131 1907 1156 1934 2
1577 1900 1696 1937 conti„

171 2068 383 2106 (d)p.140.
409 2083 476 2108 141.
501 2073 658 2104 Snvva
675 2084 746 2104 σεε
766 2075 785 2103 l.
812 2085 838 2106 c.

171 2108 237 2145 (e)
259 2109 295 2140 L.
324 2111 380 2143 IV.
391 2123 420 2151 p.
446 2125 514 2148 45⁷-
537 2114 627 2144 Certe
643 2116 876 2155 qmadragffimae
888 2114 967 2154 parti
980 2114 1074 2145 totius
1085 2112 1197 2145 minuti
1212 2113 1333 2145 secundi
1344 2116 1455 2153 aequale
1468 2116 1542 2149 fecit
1562 2117 1690 2150 Senni-

89 2159 107 2180 13
123 2158 230 2180 BRUS
249 2153 351 2190 almag.
379 2157 406 2184 ἃ
431 2154 583 2186 STAEHE
599 2167 707 2186 rrrNU
723 2168 734 2185 s
757 2159 790 2186 de
809 2155 890 2194 pulfic
916 2167 946 2195 p.
970 2167 1017 2191 17.

172 2189 233 2227 (f)
258 2194 374 2231 Almag.
395 2206 423 2234 p.
452 2208 506 2232 23¹
550 2197 646 2228 Venis
668 2199 837 2228 cor-omnis
861 2197 1018 2228 drachmas
1044 2198 1118 2228 (luas
1147 2198 1296 2237 adsignat.

177 2230 239 2269 (g)
263 2234 422 2273 Haemcistat.
449 2248 477 2275 p.
505 2249 542 2272 24

149 2272 187 2327 T(
200 2273 244 2309 h)
266 2275 285 2303 1.
314 2284 338 2303 c.
357 2287 385 2315 p.
413 2288 477 2315 131.
499 2278 719 2318 Aueurysnrata
743 2281 881 2311 oriuntur
905 2290 921 2310 a
940 2279 1084 2319 sanguine
1105 2280 1198 2312 crasso
1214 2302 1223 2317 ‚
1252 2281 1430 2322 arteriisque
1451 2282 1594 2314 extremis
1613 2292 1688 2314 con-

89 2318 205 2343 tractis.

173 2356 239 2389 (i)
266 2357 357 2400 Mem.
374 2359 408 2387 de
427 2359 539 2390 ὶἈι-τιὶ.
567 2363 635 2398 Roy.
654 2363 687 2391 de
709 2364 803 2392 Berlin
824 2371 912 2401 1755·
939 2372 965 2402 p.
987 2371 1032 2398 37,

181 2396 248 2432 (lc)
281 2396 361 2428 Ioui,
390 2409 418 2438 p.
449 2408 493 2436 39.
