1968 2706
191 172 249 227 40
495 165 502 172 ’
633 162 1325 213 LIB.V.SANGU18.'

202 269 352 308 Deinde
378 256 549 309 Thomas
583 267 874 305 Scnwnuxe
903 267 1084 316 sanguinis
1116 269 1260 317 pondus
1294 267 1338 306 ad
1371 266 1518 318 pondus
1556 268 1620 310 seri
1646 265 1808 324 reperit:

206 330 260 365 uti
301 340 405 376 1173
447 329 491 366 ad
527 337 635 373 1142
669 324 772 375 (e),
810 328 948 365 cruoris
984 338 1070 364 vero
1106 326 1251 364 seorsim
1290 328 1428 376 sumti,
1466 328 1512 366 ad
1553 331 1650 370 idem
1690 333 1807 371 serum

207 390 435 437 comparati,
466 388 519 424 uti
552 396 663 433 1204
690 384 735 422 ad
777 395 883 432 1142
913 379 1005 437 (f)·
1052 378 1092 437 J·
1124 381 1303 440 Baptsta
1346 385 1603 426 MA21Nus
1628 393 1809 430 rationem

204 447 387 495 sanguinis
425 446 469 484 ad
509 444 627 483 serum
665 443 846 487 admittit,
883 456 962 494 quae
995 445 1046 482 est
1074 452 1184 488 1886
1215 446 1260 484 ad
1291 453 1394 490 1803
1423 445 1490 500 (g).
1541 447 1585 486 G.
1606 443 1809 490 Erhardus

204 505 243 544 H
259 519 280 543 A
297 518 358 542 ΜΒ
372 517 391 541 Ε
407 517 429 542 R
446 517 471 541 G
486 516 506 541 E
522 514 544 540 R
568 504 679 541 multa
700 502 951 552 experimenta
970 504 1067 547 fecit,
1106 517 1186 554 quae
1208 505 1372 542 eamdem
1402 508 1688 556 proportionem
1717 522 1812 560 pon-

207 563 301 603 deriS
332 563 551 601 confirmant
578 591 588 606 ,
626 563 691 599 seri
722 572 855 611 nempe
890 562 934 599 ad
964 563 1176 610 sanguinem
1210 563 1384 601 venosum
1414 566 1561 614 pondus
1594 569 1631 606 in
1660 569 1812 608 homine

205 624 316 666 facit,
346 630 388 659 ut
416 635 500 669 400
528 621 572 659 ad
603 632 686 669 409
706 648 715 663 ,
743 622 781 658 in
811 632 899 658 cane
935 621 988 659 uti
1022 634 1101 668 500
1136 623 1181 659 ad
1221 633 1314 669 515.
1360 622 1477 660 serum
1513 636 1600 663 vero
1632 626 1812 678 sanguinis

204 680 365 721 arteriofi
399 681 504 719 suum
549 681 594 718 ad
624 680 859 728 sanguinem,
889 680 943 717 uti
984 690 1066 726 500
1101 681 1146 718 ad
1180 691 1259 727 525
1287 708 1297 725 ,
1340 691 1465 730 neque
1502 685 1541 720 in
1585 697 1672 724 cane
1707 687 1814 726 aliam

204 743 385 780 rationem
415 740 605 777 constituit
630 735 651 791 (
669 734 693 776 lz
712 735 744 791 ).
793 738 883 777 Inde
911 740 962 777 vir
993 739 1051 778 Cl.
1093 733 1290 792 Johannes
1329 740 1651 783 SILBERLING
1683 744 1721 784 in
1753 759 1816 785 eo-

203 801 291 839 dem
317 799 508 837 volumine
536 798 718 847 sanguinis
744 799 879 848 reperit
906 805 1024 847 partes
1057 805 1166 846 216,
1196 799 1260 836 seri
1293 811 1373 843 209
1411 795 1489 852 (i).
1538 802 1815 843 ADoLPnus

205 871 295 898 vero
342 857 677 896 FRIDERICUS
721 855 1059 896 HOFMANNUS
1094 854 1178 910 (le)
1235 858 1415 906 sanguinis
1447 861 1559 898 totius
1605 865 1751 912 pondus
1781 865 1814 902 (Ε

205 918 340 957 habere
361 923 530 967 expertus
555 917 604 954 est
628 918 681 954 uti
702 928 828 963 2072,
849 918 986 954 cruoris
1017 923 1057 954 ut
1085 924 1212 959 2206,
1245 916 1312 953 seri
1342 923 1382 954 ut
1421 923 1544 964 1938,
1589 928 1631 959 ut
1665 935 1817 972 grumug

208 985 287 1017 tota
314 978 435 1015 offiiava
471 981 572 1025 parte
599 975 665 1013 seri
696 975 844 1025 pondus
868 975 1057 1023 superaret.
1107 974 1162 1012 Ex
1194 975 1250 1013 his
1279 975 1472 1020 omnibus,
1509 979 1661 1029 paulum
1690 984 1817 1032 utique

208 1036 375 1080 diversis,
410 1033 604 1073 conficitur
629 1042 776 1080 tamen,
808 1044 976 1072 cruorem
1010 1033 1089 1072 sero
1121 1036 1327 1082 graviorem
1362 1034 1455 1079 effe,
1485 1036 1573 1075 hinc
1608 1042 1715 1079 etiam
1743 1042 1818 1079 san-

208 1098 332 1148 guinis
373 1108 419 1133 ex
459 1094 536 1132 sero
583 1094 619 1131 &
662 1105 793 1131 cruore
823 1091 917 1129 misti
950 1093 1095 1141 pondus
1127 1093 1194 1130 seri
1236 1095 1477 1142 gravitatem,
1520 1099 1658 1137 minori
1690 1101 1819 1150 utique

212 1156 445 1196 discrimine,
482 1153 655 1201 superare.
713 1150 808 1189 Vera
849 1152 946 1188 enim
981 1153 1073 1189 ratio
1105 1153 1314 1201 ponderum
1348 1153 1600 1202 specificorum
1632 1160 1748 1196 rubrae
1770 1160 1820 1197 al.

211 1219 342 1264 baeque
371 1210 480 1262 partis
507 1212 690 1259 sanguinis
716 1210 775 1248 vel
809 1209 894 1247 ideo
933 1212 1010 1247 erui
1042 1212 1103 1248 vix
1131 1212 1271 1260 potest,
1307 1211 1409 1262 quod
1439 1225 1609 1254 cruorem
1638 1217 1820 1257 smeefum

213 1276 349 1314 habere
374 1270 586 1326 non-detur
612 1266 655 1320 (l
676 1267 706 1322 ).

303 1333 410 1383 Juvat
438 1332 547 1369 etiam
581 1333 830 1382 comparatum
869 1340 953 1366 cum
985 1341 1076 1379 aqua
1113 1328 1294 1380 sanguinis
1326 1333 1472 1386 pondus
1503 1333 1635 1375 addere
1660 1366 1671 1382 ,
1715 1338 1821 1387 quale

215 1392 389 1444 praecipui
428 1391 467 1426 in
508 1390 768 1438 experimentis
804 1388 870 1425 viri
912 1389 1213 1434 constituerunt,
1265 1393 1327 1431 etsi
1383 1406 1461 1432 non
1504 1396 1666 1443 ignoro,
1708 1397 1822 1446 ipsam

215 1463 350 1502 aquam
375 1474 387 1495 ‚
432 1447 585 1497 perinde
629 1450 684 1486 uti
723 1448 863 1494 sanguis
885 1471 896 1492 ‚
940 1447 1105 1495 pondere
1149 1449 1221 1485 alio
1268 1449 1360 1500 effe,
1396 1454 1541 1502 alioque
1565 1482 1573 1496 ‚
1604 1463 1646 1492 ut
1685 1455 1750 1492 alia
1784 1457 1822 1493 ἃ

217 1512 284 1550 alia
308 1509 434 1559 purior
463 1506 580 1544 fuerit.
637 1506 736 1555 Ergo
777 1503 1002 1553 JURmus
1035 1505 1215 1553 sanguInis
1243 1511 1354 1548 totius
1386 1512 1559 1560 ponduS‚
1600 1513 1644 1550 ad
1674 1514 1821 1562 pondus

217 1582 319 1619 aquae
352 1566 504 1614 reperit,
531 1566 585 1602 uti
622 1576 744 1612 1051.
783 1574 888 1609 1053
930 1565 966 1600 &
995 1574 1100 1610 1055
1137 1565 1181 1602 ad
1215 1578 1349 1612 1000,
1386 1577 1426 1606 ut
1457 1570 1596 1607 medius
1625 1572 1699 1609 fere
1728 1574 1823 1612 inter

218 1626 458 1667 dissentientia
495 1625 742 1672 experimenta
781 1633 953 1659 numerus
990 1620 1089 1659 'foret
1134 1634 1210 1672 105
1227 1640 1258 1671 ς.
1294 1627 1443 1665 Cruoris
1467 1628 1574 1665 solius
1606 1631 1753 1680 pondus
1777 1631 1823 1669 ad

221 1686 390 1725 eamdem
427 1692 558 1732 aquam
589 1682 675 1720 facit
707 1681 796 1723 esse,
830 1681 885 1717 uti
919 1693 932 1717 1
951 1689 1032 1718 126
1055 1681 1099 1718 ad
1135 1695 1244 1721 1000
1269 1682 1358 1736 (m).
1407 1686 1521 1723 Porro
1552 1689 1606 1725 vir
1643 1677 1823 1728 ssiTlm-

222 1755 304 1786 mas
332 1744 654 1785 Scnwenxss,
696 1753 761 1790 per
800 1740 1048 1788 experimenta
1082 1751 1213 1790 magna
1252 1746 1335 1781 cum
1366 1756 1449 1782 cura
1487 1746 1664 1792 instituta,
1703 1755 1823 1787 totum

219 1805 434 1855 sanguinem
464 1800 509 1839 ad
546 1812 678 1852 aquam
711 1799 795 1840 facit
825 1799 878 1837 uti
914 1808 1019 1848 1173
1067 1799 1112 1853 ad
1157 1813 1296 1858 1110,
1335 1815 1503 1843 cruorem
1540 1808 1592 1845 uti
1635 1819 1746 1855 1204
1777 1807 1822 1845 ad

1681 1876 1698 1907 1
1712 1877 1727 1905 i
1741 1876 1790 1920 [0
1808 1871 1825 1917 4

306 2005 372 2041 (e)
394 2003 415 2034 1.
432 2012 458 2033 c.
481 2012 512 2041 p.
528 2011 598 2037 123.

307 2045 368 2083 (f)
386 2045 406 2074 1.
422 2053 447 2073 c.
461 2044 543 2074 conf,
567 2053 596 2081 p.
612 2049 661 2072 σε.

310 2086 374 2124 (g)
395 2085 532 2116 Mechan.
554 2085 673 2118 morbor.
689 2079 730 2113 T.
747 2080 772 2112 Ῐ.
794 2092 822 2122 p.
841 2092 888 2119 34.
1264 2119 1271 2122 .

307 2127 375 2163 (h)
398 2123 545 2169 Phyfiolqg.
564 2135 592 2162 p.
607 2134 635 2159 4.
666 2125 810 2169 lii-vasca
825 2123 965 2169 eamdem
985 2125 1136 2159 rationem
1158 2127 1223 2161 seri,
1237 2128 1275 2160 ad
1296 2129 1473 2170 sanguinem
1492 2149 1501 2166 ‚
1531 2132 1604 2164 facit
1632 2131 1679 2164 nti
1705 2142 1771 2171 519.
1787 2132 1829 2164 ad

227 2173 302 2211 ⁷527,
320 2167 353 2197 in
375 2175 456 2203 equo
471 2171 516 2194 uti
539 2169 605 2209 5033.
624 2169 688 2202 528-
708 2173 739 2193 ln
754 2168 803 2194 1118
826 2172 873 2194 utl
895 2175 962 2202 503.
982 2177 1052 2205 513.
1073 2168 1141 2199 satis
1158 2170 1266 2200 similes
1281 2181 1394 2202 omnes.

312 2208 370 2243 (i)
390 2217 419 2245 p.
442 2216 484 2249 [5.
509 2204 616 2235 Varias
639 2211 742 2234 autem
765 2206 901 2236 rationes
920 2207 1050 2245 reperit,
1077 2216 1112 2240 ut
1133 2211 1252 2251 sanguis
1277 2212 1314 2242 ad
1339 2213 1436 2243 serum
1452 2214 1549 2244 modo
1574 2214 1645 2245 esset
1665 2215 1711 2245 uti
1739 2226 1775 2244 10
1789 2214 1828 2244 ad

229 2258 269 2287 g,
295 2247 390 2279 modo
413 2252 460 2276 uti
486 2256 519 2275 11
543 2246 581 2276 ad
609 2256 665 2281 ιο,
687 2246 783 2276 modo
805 2246 851 2277 uti
877 2257 911 2278 12
936 2248 974 2278 ad
995 2260 1054 2283 10,
1078 2261 1107 2291 p.
1126 2261 1171 2289 14.
1188 2252 1252 2285 diis.
1277 2255 1311 2287 de
1328 2255 1437 2289 humor.
1462 2264 1534 2294 corp.
1557 2256 1827 2297 humamgravitnt,

221 2291 336 2333 ¹specific.
357 2289 485 2327 Argent.
501 2295 590 2325 1749.

310 2331 371 2367 (k)
395 2331 468 2359 Nov.
491 2323 627 2365 [ypothefi
645 2327 678 2356 de
689 2329 769 2358 rebus
778 2328 879 2366 physic.
903 2340 933 2370 p.
947 2336 979 2367 6.,

308 2371 366 2408 (l)
394 2369 421 2400 G
435 2379 488 2399 Αυ
505 2380 523 2399 Β
539 2380 551 2398 ι
565 2379 584 2398 u
599 2377 611 2396 s
628 2368 733 2404 patho).
754 2379 783 2409 p.
809 2373 880 2409 163.

310 2411 388 2450 (m)
410 2411 429 2442 l.
446 2421 472 2442 c.
490 2420 518 2450 p.
534 2418 602 2448 104.
620 2413 686 2440 108.
