1968 2706
431 144 951 192 DIVERSITATIS.
984 140 1347 196 HUMORUssM
1633 152 1711 191 421

102 250 136 288 se
157 252 394 298 congregant.
436 244 481 284 In
505 244 678 294 globulos
713 255 791 282 non
823 240 977 280 viscidus
1006 239 1125 278 solum
1168 239 1305 288 adepS,
1335 236 1529 281 oleumve‚
1561 237 1620 275 sed
1637 236 1715 276 flui-

102 308 285 346 diffimum
308 312 500 354 argentum
528 305 675 346 vivum,
697 303 733 339 &
758 314 849 351 aqua
867 301 1018 338 demum
1046 300 1079 336 se
1107 296 1265 347 colligit.
1316 297 1412 346 Ergo
1439 298 1617 335 diminuta
1641 297 1699 333 san

102 369 225 416 guinis
254 366 436 404 celeritate
456 389 469 408 ,
493 363 594 401 causa
624 362 800 409 frangitur
820 389 830 404 ‚
859 372 938 409 quae
973 360 1302 407 congregationem
1327 357 1498 394 lin-filium
1526 356 1715 404 particula-

103 439 185 463 rum
208 422 376 474 impefiit.
426 422 549 468 Quare
568 450 578 465 ,
594 420 620 457 fi
635 422 770 458 arteriae
798 411 843 457 ad
863 420 1098 458 secretorium
1125 418 1250 455 colum
1275 417 1457 455 tendentis
1485 415 1625 463 sanguis
1642 422 1714 451 tar-

103 485 149 522 de
172 484 276 527 fluit,
298 483 519 529 colligentur
552 482 680 529 utique
708 481 745 516 in
773 479 853 530 ipso
886 479 1058 525 sanguine
1082 506 1092 521 ‚
1131 478 1251 524 deque
1281 478 1406 513 alienae
1436 475 1570 513 indolis
1601 474 1713 522 parti-

102 543 192 582 culis
209 544 242 580 se
261 542 522 589 segregabunt,
549 539 732 588 particulae
749 537 911 575 mucosae
930 562 939 576 ‚
956 537 1111 579 oleosae‚
1140 538 1295 584 pingues
1316 563 1325 577 ‚
1346 536 1513 584 reditque
1529 546 1569 570 ea
1597 531 1713 570 effica-

103 605 158 640 cia
174 602 218 640 ad
233 612 310 637 eam
328 600 646 650 praeparationem,
669 610 780 647 quam
806 599 927 647 primo
956 596 1045 633 loco
1069 596 1229 632 diximus
1246 607 1256 639 ;
1287 594 1428 641 sanguis
1445 605 1577 642 nempe
1593 593 1636 629 ad
1651 603 1714 630 co-

102 661 179 698 lum
195 660 409 697 destinatum
429 659 610 706 ejusmodi
628 659 772 694 ducitur
787 685 798 702 ,
818 657 855 694 in
873 668 947 704 quo
964 655 1128 704 plurimae
1144 653 1325 705 particulae
1346 654 1421 700 ejus
1439 652 1603 689 humoris
1617 650 1712 688 fimi-

101 719 150 756 les
164 723 408 760 continentur,
430 718 491 766 qui
506 728 570 766 per
586 716 620 753 id
637 716 762 754 colum
777 716 884 752 debet
898 713 1056 764 separari.
1090 713 1244 752 Dudum
1258 711 1438 749 senserunt
1467 711 1520 750 Cl.
1537 712 1599 748 viri
1628 712 1645 759 (
1662 707 1676 749 i
1693 711 1714 756 )

103 778 198 816 hanc
211 777 382 814 tarditatis
403 778 444 812 ad
464 776 701 813 secretionem
721 774 961 823 necessitatem
982 799 995 816 ,
1012 780 1051 810 ut
1073 773 1181 810 etiam
1198 777 1395 819 negarent,
1420 765 1553 818 absque
1568 770 1715 808 lentiori

100 836 283 883 sanguinis
304 844 407 872 motu
425 863 436 878 ,
450 835 649 883 quidquam
665 833 800 871 secerni
822 831 1073 883 poffeEadem
1087 832 1136 869 est
1153 832 1244 868 ratio
1257 855 1268 876 ‚
1285 841 1393 879 quare
1412 828 1465 867 Cl.
1485 829 1518 867 N
1531 841 1550 866 E
1564 841 1576 865 Ι
1590 842 1609 866 Ε
1621 842 1638 867 Ε
1652 842 1671 866 L
1687 840 1712 865 D

101 902 249 934 acutum
273 892 449 942 angulum
469 893 657 931 secretioni
685 892 908 930 contrarium
927 890 993 928 esse
1020 889 1180 939 scripsit,
1207 888 1343 927 retium
1376 888 1495 926 favere
1522 885 1624 936 (k).

187 953 321 1006 Iterum
345 952 461 989 lentus
497 959 619 989 motus
646 958 755 999 auget
783 950 1000 998 preslionem
1023 948 1209 988 lateralem
1240 943 1318 997 (l)
1350 977 1360 991 ‚
1393 947 1584 997 particulas
1620 960 1710 996 ergo

61 1033 63 1035 ·
100 1011 292 1050 secretioni
322 1011 511 1049 destinatas
538 1007 734 1058 parietibus
756 1009 938 1058 adplicat,
966 1010 1004 1046 in
1023 1021 1116 1058 quos
1140 1008 1340 1046 secretoriae
1373 1007 1554 1055 particulae
1572 1013 1707 1056 patent.

99 1071 275 1109 celeritas
297 1078 423 1107 contra
453 1071 665 1118 sanguinem
694 1081 758 1118 per
792 1070 877 1106 axin
895 1078 1023 1119 *urget
1050 1068 1198 1105 luminis
1221 1093 1230 1111 ,
1258 1074 1297 1104 ut
1319 1065 1481 1115 perlegat
1505 1066 1710 1113 longitudi-

99 1141 163 1166 nes
191 1129 244 1166 sui
269 1129 399 1166 canalis
423 1154 436 1173 ,
460 1131 657 1177 minusque
672 1126 710 1164 in
737 1129 891 1175 parietes
918 1128 1064 1165 nitatur.
1095 1120 1185 1164 Haec
1211 1126 1327 1175 potest
1347 1124 1448 1163 causa
1477 1123 1544 1163 effe
1563 1153 1573 1168 ,
1600 1137 1710 1174 quare

98 1187 207 1239 adeps
234 1189 270 1224 in
303 1187 455 1224 homine
485 1185 685 1225 exercitato
713 1187 833 1223 minus
863 1186 900 1222 in
927 1185 1076 1224 cellulas
1104 1193 1362 1233 congregetur.
1489 1221 1491 1223 ,

187 1249 352 1294 Augetur
380 1245 441 1282 hic
459 1245 635 1282 tarditatis
660 1244 806 1282 effeetus
822 1273 833 1290 ,
852 1245 887 1281 Sc
910 1243 1022 1291 facit,
1056 1251 1094 1282 ut
1126 1244 1254 1281 viscidi
1282 1242 1505 1293 potiffimum
1532 1241 1707 1280 humores

99 1304 327 1342 secernantur
342 1334 352 1348 ,
388 1316 472 1341 cum
499 1311 606 1341 motu
627 1302 852 1352 progreffivo
873 1303 983 1340 fracto
1001 1311 1062 1340 aut
1086 1303 1226 1340 sublato
1240 1329 1253 1348 ,
1283 1301 1421 1341 facilius
1439 1301 1471 1338 se
1492 1302 1709 1351 ampletian-

98 1371 177 1406 tur,
209 1362 320 1411 inque
348 1364 415 1401 suis
445 1362 529 1400 vafis
559 1363 725 1400 viscidius
756 1363 852 1410 jam,
887 1362 1005 1411 adque
1029 1370 1173 1400 motum
1195 1363 1352 1412 ineptius
1372 1361 1555 1412 liquidum
1576 1360 1710 1398 consti-

98 1429 202 1459 tuant
229 1422 345 1469 (m).
393 1422 583 1470 Reguntur
617 1426 713 1459 enim
745 1421 818 1458 sola
850 1420 1072 1460 adtraffione
1092 1451 1102 1466 ,
1141 1422 1290 1472 quando
1311 1421 1495 1459 ‘contraria
1532 1421 1584 1456 vis
1623 1431 1708 1468 pio-

98 1479 246 1528 greffiva
262 1481 399 1519 sublata
420 1482 501 1519 tuit.
529 1480 583 1518 Ita
605 1481 658 1519 Cli
686 1480 881 1518 Nssmr
913 1479 991 1528 (n)
1019 1482 1055 1518 in
1075 1482 1232 1518 minimis
1257 1480 1342 1518 valis
1359 1479 1487 1517 offium
1511 1477 1706 1530 particulas

99 1539 264 1586 scrupeas
287 1540 444 1590 reperit,
468 1540 528 1577 alii
554 1540 753 1588 glutinosas
771 1567 782 1584 ,
813 1540 850 1577 δε
884 1539 1112 1579 resarciendo
1148 1541 1240 1579 callo
1263 1549 1361 1590 aptas
1383 1539 1465 1587 (o)
1500 1566 1510 1582 ‚
1544 1549 1632 1587 quas
1666 1539 1706 1575 in

99 1609 229 1646 magna
251 1599 378 1638 arteria
409 1611 522 1637 nemo
551 1599 651 1637 vidit.

186 1656 257 1694 Sed
283 1659 418 1697 eaedem
450 1658 636 1709 particulae
657 1687 667 1703 ,
698 1664 738 1696 ut
765 1659 886 1697 minus
913 1660 1067 1697 mobiles
1088 1689 1098 1704 ,
1132 1660 1257 1708 obque
1285 1657 1522 1697 visciditatem
1546 1656 1658 1707 pigrae
1689 1683 1703 1701 ,

98 1712 142 1750 de
171 1717 228 1752 axi
251 1715 318 1753 suae
344 1718 483 1754 arteriae
511 1729 585 1766 per*
604 1718 794 1756 validiores
824 1719 907 1756 alias
937 1719 1227 1757 deturbabuntur
1255 1717 1335 1772 (p)
1355 1747 1364 1761 ,
1399 1717 1519 1766 adque
1547 1718 1702 1766 parietes

98 1773 247 1812 suorum
276 1777 442 1814 vasorum
471 1777 580 1814 etiam
607 1776 704 1817 hanc
731 1778 781 1815 ob
814 1778 954 1816 causam
975 1806 986 1820 ‚
1017 1771 1247 1828 depellentur
1270 1806 1280 1821 ,
1312 1777 1518 1826 lentiusque
1551 1775 1666 1814 fluent
1688 1804 1700 1819 ‚

902 1835 938 1874 G
953 1848 980 1884 g
998 1848 1025 1886 g
1070 1850 1088 1883 3
1649 1835 1703 1872 uti

135 1966 241 2015 5715)
271 1969 347 1999 Guil.
371 1966 485 2001 Cozt
507 1971 540 2001 de
566 1968 666 2010 ficret.
691 1983 722 2013 p.
738 1982 806 2004 ποι.
837 1974 894 2007 LA
907 1984 1011 2006 nors.
1038 1971 1100 2004 diffi
1134 1972 1189 2004 ΠΙ.
1218 1972 1236 2002 S
1249 1981 1392 2004 POLE‘I'
1405 1981 1454 2003 ῦς
1475 1991 1483 2006 ³
1512 1979 1547 2004 ut
1576 1982 1612 2003 ex
1634 1970 1701 2002 allis

94 2018 234 2057 percipio
246 2028 254 2042 ‚
273 2010 297 2058 H
311 2022 328 2039 A
343 2022 362 2059 ¹⁴.
374 2021 392 2041 E
403 2020 415 2040 s
436 2012 617 2060 lgaemalfqtiks
641 2024 669 2050 p.
690 2024 758 2050 ης.
782 2015 813 2046 V
825 2026 836 2045 ι
848 2028 866 2046 1.
880 2029 898 2048 L
911 2028 929 2047 A
943 2028 963 2048 R
975 2027 997 2047 D
1020 2019 1046 2046 8<
1071 2014 1106 2045 M
1119 2026 1137 2045 A
1151 2025 1168 2045 c
1181 2025 1239 2052 Qu
1251 2026 1267 2044 ε
1282 2025 1300 2045 r<
1330 2015 1359 2044 in
1382 2014 1454 2044 thes.
1476 2017 1549 2054 Ergo
1563 2015 1598 2043 ab
1609 2015 1702 2043 immi-

95 2053 415 2131 ἰιιιιιιὲυιιιξεῑέρέιένιόω
425 2054 577 2092 sanguina·
597 2055 741 2086 velocitate
754 2056 989 2098 fizciliorsecrztio
1009 2056 1102 2088 Paris.
1132 2066 1218 2095 1740,
1243 2057 1271 2088 H
1285 2067 1306 2087 A
1319 2067 1349 2088 m
1360 2066 1378 2087 Β
1390 2068 1409 2088 ε
1419 2067 1441 2087 R
1453 2066 1471 2088 G
1484 2065 1528 2086 ιι
1548 2056 1583 2086 de
1598 2053 1700 2094 secret·

177 2134 253 2168 (k)
276 2143 304 2163 n.
334 2144 404 2169 230·
429 2145 498 2173 245.
526 2135 648 2168 S'Auv
663 2147 682 2166 A
696 2146 766 2167 Ges
787 2139 899 2177 physio).
920 2151 947 2180 p.
969 2148 1036 2178 17¹·
1059 2141 1113 2170 &a

184 2174 250 2209 (l)
279 2174 414 2211 Jouzs
445 2179 477 2208 de
495 2177 695 2223 monmufiul
717 2181 807 2224 ponf.
829 2180 865 2212 L.
884 2181 939 2213 Vl.
965 2193 994 2221 p.
1009 2193 1064 2219 ²33
1081 2183 1136 2211 Sec.

94 2259 155 2284 net.
175 2216 273 2291 (1’67332.
289 2226 316 2254 p.
333 2226 378 2254 3²·
397 2216 446 2248 De
472 2218 638 2250 secretione
672 2221 738 2251 bilis
773 2222 838 2251 hac
877 2222 895 2254 S
909 2233 1022 2254 roz!
1039 2232 1062 2254 τ
1076 2233 1087 2252 ι
1126 2220 1247 2253 theoiia
1274 2222 1334 2253 fuit
1364 2222 1397 2252 cle
1416 2219 1516 2260 ficret.
1546 2221 1606 2251 bilis
1636 2221 1699 2252 Ve-

177 2297 242 2333 (η)
277 2296 303 2326 Ν
316 2307 333 2327 ι
345 2309 356 2328 s
368 2306 385 2328 Β
397 2310 407 2328 r
422 2308 445 2330 '1⁴
471 2301 580 2331 human
601 2301 738 2340 ‹fieogmy
764 2313 791 2343 p.
815 2312 862 2337 20,

171 2336 184 2372 (
198 2347 212 2366 ο
226 2338 239 2374 )
268 2337 340 2368 Wx
356 2350 372 2369 iz
384 2350 408 2371 D
422 2351 437 2371 Ε
465 2352 520 2372 vor:
542 2343 591 2372 der
615 2346 764 2375 nutrition.

178 2380 242 2416 (Ρ)
265 2390 294 2418 p·
316 2390 385 2416 415-
