1968 2706
651 141 834 193 SECT.
874 148 954 192 ΙΙ.
1020 152 1260 195 CRUOR.
1699 170 1752 202 29

153 252 261 290 etiam
297 251 336 287 in
365 247 551 298 profundo
583 248 670 286 mari
705 248 753 285 est
784 243 882 296 (lt).
934 248 1005 288 Sed
1035 248 1075 286 hi
1112 249 1245 297 gradus
1275 248 1394 286 aestivo
1423 250 1511 286 aeris
1537 249 1655 288 calore
1683 252 1752 288 mi-

148 320 258 346 nores
295 308 398 350 sunt,
434 307 588 344 hiberno
619 307 780 354 majores.
836 307 924 345 Inde
956 309 1063 345 etiam
1096 307 1325 356 intelligitur,
1345 320 1407 345 cur
1432 310 1747 357 peregrinatores,

146 367 210 417 qui
236 379 282 404 ex
315 365 442 415 algidis
475 365 660 403 montibus
692 367 730 402 in
763 366 872 404 valles
905 366 1153 408 descendunt,
1180 368 1372 415 regionem
1398 364 1445 414 (i
1455 370 1483 414 )‚
1515 368 1562 405 de
1592 366 1746 404 dimidio

146 426 240 463 colle
272 424 366 476 quasi
397 423 619 474 suspensam,
659 424 812 462 calidam
835 425 1054 474 praedicent,
1087 437 1196 475 quam
1223 425 1334 462 iidem
1364 426 1494 474 frigere
1521 434 1745 476 queruntur,

146 485 290 534 quoties
325 482 372 519 de
410 481 615 520 calidissima
656 485 834 522 maritima
878 484 1026 533 planitie
1062 484 1107 522 ad
1139 483 1267 522 eadem
1301 485 1439 534 oppida
1472 484 1745 523 adscenderunt.

145 542 298 582 Perinde
320 536 529 579 Kenelmus
555 541 654 579 D1G
670 553 739 586 ΒΥ,
763 555 847 581 curn
881 543 1096 581 balneorum
1122 544 1349 580 turcicorum
1376 543 1516 581 diverso
1545 543 1661 593 gradu
1691 555 1747 581 ca-

144 603 254 639 lentia
289 600 513 652 hypocausta
546 601 830 650 perambularet,
860 614 950 652 aque
976 600 1213 639 fervidiffimis
1245 603 1284 638 in
1310 601 1485 649 frigidum
1512 613 1631 640 aerem
1654 601 1748 639 redi-

142 667 220 704 ret,
256 658 387 707 frigida
413 659 476 696 fibi
505 660 573 697 visa
609 659 709 697 fuisse
738 669 878 704 narrat,
907 673 987 711 quae
1011 659 1217 698 calidissima
1242 660 1307 698 fibi
1338 660 1407 698 visa
1436 661 1603 704 fuerant,
1634 672 1747 711 quan-

143 718 192 756 do
222 720 382 768 primum
417 719 533 756 libero
558 730 601 755 ex
634 731 712 755 aere
746 720 870 757 balnea
900 720 1057 757 adiverat
1090 715 1255 767 (2⁸³⁵)Q

227 776 351 814 Multo
393 778 511 814 mInus
546 789 670 815 verum
704 778 753 814 est
787 786 847 816 aut
877 780 1095 816 marinarum
1130 779 1250 815 avium
1274 773 1362 827 (k)
1400 777 1610 827 sanguinem
1640 778 1748 826 frige-

142 849 201 879 re,
230 843 290 873 aut
316 836 568 873 erinaceorum
602 831 709 883 (l),
760 838 891 886 quibus
930 837 1142 875 animalibus
1176 837 1306 885 pulmo
1339 837 1451 874 nostri
1484 837 1606 874 similis
1640 836 1744 874 datus

142 895 200 933 est.
244 895 281 932 Si
315 905 480 944 unquam
507 894 550 931 ab
586 897 836 943 experimento
866 896 920 934 hae
952 892 1182 935 traditiones
1206 897 1388 944 originem
1424 896 1632 937 duxerunt,
1665 895 1746 932 hie-

143 966 204 992 me
233 954 326 990 forte
344 981 354 996 ,
386 953 547 1001 frigore,
578 954 613 990 &
652 953 780 991 somno
808 955 969 1003 sopitum
1000 955 1133 992 animal
1163 956 1316 992 incisum
1350 953 1449 992 fuiffe
1475 953 1574 1005 (m)
1606 953 1746 991 necesse

142 1013 212 1055 est,
249 1013 301 1049 uti
338 1018 434 1049 certe
464 1013 576 1049 muris
608 1014 775 1050 montani
811 1013 951 1061 sanguis
987 1012 1056 1050 suis
1086 1015 1126 1049 in
1153 1013 1395 1051 hibernaculis
1428 1010 1546 1062 friget.
1604 1012 1744 1050 Aestate

139 1082 228 1108 vero
268 1072 539 1114 erinaceorum,
569 1081 662 1120 quos
697 1070 867 1115 diffecui,
907 1072 1048 1119 sanguis
1081 1069 1217 1108 calidus
1245 1072 1331 1115 fuit,
1360 1072 1397 1108 &
1420 1075 1519 1123 paria
1550 1071 1744 1110 illustrium

138 1131 303 1168 virorum
331 1129 534 1168 testimonia
571 1129 710 1167 exstant
742 1127 837 1180 (n).

228 1188 270 1226 In
296 1187 378 1236 ipsis
410 1200 500 1237 ergo
526 1188 704 1237 piscibus,
741 1190 805 1238 qui
838 1187 1025 1226 branchias
1050 1189 1214 1237 agitant,
1247 1186 1387 1236 sanguis
1412 1189 1523 1226 unico
1549 1186 1666 1235 (ο),
1706 1188 1744 1224 &

142 1249 267 1289 unico,
303 1258 386 1284 cum
416 1247 570 1284 dimidio
597 1245 681 1300 (p)
701 1276 711 1291 ,
753 1248 789 1285 &
816 1246 954 1296 septem
987 1247 1073 1301 (q)
1113 1247 1263 1286 demum
1286 1246 1623 1284 FAHRENHEITIANI
1647 1245 1744 1283 ther-

140 1312 365 1343 mometrum
403 1306 572 1354 gradibus
611 1308 725 1355 magis
766 1307 877 1347 calet,
915 1318 1024 1355 quam
1069 1319 1183 1357 aqua,
1213 1308 1250 1342 in
1286 1318 1355 1355 qua
1389 1307 1539 1343 vivunt:
1577 1306 1742 1354 quinque

137 1375 226 1402 vero
262 1364 432 1413 gradibus
461 1364 602 1413 sanguis
638 1377 731 1403 ranae
759 1365 795 1402 &
830 1366 978 1402 marinae
1010 1365 1197 1403 testudinis
1229 1364 1325 1412 (r).
1372 1364 1444 1402 Sed
1475 1361 1583 1402 etiam
1619 1364 1744 1411 vipera

138 1423 221 1472 post
248 1429 406 1459 mortem
437 1425 552 1470 magis
580 1423 713 1471 friget,
748 1435 858 1473 quam
888 1422 1039 1472 quidem
1065 1424 1154 1461 dum
1178 1425 1270 1459 vixit
1297 1423 1449 1471 frigebat
1475 1421 1568 1470 (5).
1608 1420 1745 1459 Infesta

140 1481 287 1520 demum
303 1505 316 1526 ‚
342 1492 421 1530 quae
452 1478 593 1529 singula
623 1482 729 1519 nobis
754 1483 885 1530 frigere
912 1481 1080 1519 videntur
1096 1509 1106 1526 ‚
1132 1481 1293 1523 coneda,
1326 1481 1404 1519 solo
1430 1481 1586 1518 obscuro
1610 1487 1742 1522 motu,

138 1540 176 1586 ὃς
210 1540 363 1589 agminis
397 1539 590 1582 densitate,
625 1547 769 1578 tantum
809 1540 968 1578 calorem
998 1549 1193 1586 generant,
1223 1546 1263 1577 ut
1295 1540 1445 1579 humani
1478 1537 1658 1588 sanguinis
1687 1549 1744 1575 ca-

976 1595 1014 1635 D
1054 1608 1072 1643 3
1671 1595 1742 1633 loti

216 1736 281 1773 (h)
301 1734 426 1766 Ezzxs
445 1733 475 1765 in
495 1735 607 1772 Jernal.
630 1736 773 1768 Oeconom.
798 1743 885 1771 1754.
906 1732 952 1764 Μ.
978 1733 1071 1772 April.

215 1778 275 1814 (i)
296 1775 509 1817 Tarigaguam
538 1776 622 1806 ULL
637 1787 657 1806 ο
674 1787 693 1806 Α
714 1777 746 1806 in
763 1776 862 1805 itinere
883 1777 1040 1806 americano
1063 1787 1095 1816 p.
1116 1780 1183 1813 285.

214 1817 302 1853 (i*)
325 1818 366 1848 du
388 1819 446 1849 HA
463 1827 552 1848 MEL
575 1820 609 1848 de
630 1826 701 1855 corp.
722 1819 811 1847 einim.
829 1815 862 1846 L.
880 1816 902 1847 1.

213 1861 279 1895 (k)
298 1857 407 1890 Calere
426 1858 558 1890 omnino
580 1858 713 1889 ostendit
726 1880 734 1889 ,
758 1857 795 1887 de
816 1867 870 1888 ave
891 1854 1047 1895 mac-reuse,
1062 1865 1156 1894 quam
1174 1853 1360 1898 ⁴expediebat
1382 1856 1521 1894 sanguine
1537 1855 1654 1897 frigido
1668 1855 1744 1895 esseJ

132 1904 167 1928 ut
193 1909 250 1937 pro
273 1899 353 1938 pisce
381 1899 502 1934 haberi,
522 1903 550 1931 ὃς
570 1899 603 1930 iu
624 1899 876 1938 quadragesimali*
902 1896 1020 1935 jejunio
1049 1897 1129 1928 inter
1153 1896 1238 1926 eibos
1254 1896 1349 1935 recipi
1376 1897 1492 1935 posset,
1515 1897 1609 1928 Aur)
1625 1907 1676 1928 ΞΥ
1700 1905 1740 1928 tr.

135 1941 180 1970 des
203 1943 280 1971 alim.
305 1942 339 1970 de
359 1951 465 1971 carente
486 1951 516 1979 p.
535 1950 604 1978 413.

218 1982 280 2020 (l)
305 1980 321 2010 S
334 1992 351 2011 c
368 1992 388 2012 Η
401 1993 419 2011 R
437 1991 490 2010 AD
505 1993 522 2012 E
536 1992 554 2010 R
573 1983 665 2011 decad,
691 1979 751 2012 ΙΙΙ.
780 1979 833 2020 obst
859 1991 881 2015 ς.
899 1990 967 2012 cum
994 1990 1047 2011 cor
1068 1978 1177 2009 saliiet.
1198 1973 1222 2003 Β
1236 1989 1253 2007 L
1268 1988 1320 2008 As.
1341 1986 1421 2009 artat,
1444 1990 1472 2018 p.
1489 1985 1539 2015 64·
1563 1977 1596 2010 T
1609 1988 1629 2008 Y
1647 1988 1659 2008 s
1680 1988 1700 2008 0
1720 1989 1740 2007 u

135 2020 217 2061 apud
238 2023 334 2054 Bac
348 2033 368 2053 H
397 2022 437 2054 T.
455 2021 511 2054 IV.
530 2034 557 2062 p.
573 2028 640 2060 258.
667 2025 695 2053 ὃς
717 2023 753 2053 de
775 2023 920 2054 Siamensi
941 2020 1084 2052 erinaceo
1106 2019 1138 2049 T
1151 2026 1259 2049 ACHA
1273 2029 1326 2049 RD
1352 2022 1460 2059 Voyage
1480 2022 1512 2050 de
1536 2021 1623 2051 siam.
1650 2017 1739 2053 Ϊ-ῙῙ.

160 2085 167 2092 .
194 2071 260 2099 251.

132 2073 157 2103 *P
215 2104 297 2141 (m)
323 2103 370 2134 L1
384 2113 395 2134 s
410 2111 434 2133 *ι’
446 2114 462 2133 ε
477 2113 494 2132 ι
508 2115 520 2133 ι
543 2101 604 2139 iam
629 2101 807 2138 conjectura
828 2103 887 2134 fuit
904 2104 938 2133 de
952 2104 1066 2133 humor.
1088 2112 1118 2140 p.
1145 2112 1213 2138 104·

211 2143 765 2183 (n)L1s‘rERl.c.Tancredus
794 2145 852 2175 Ro
869 2155 886 2176 Β
904 2154 971 2174 :NS
988 2153 1041 2174 on
1068 2142 1099 2174 in
1125 2143 1203 2182 Epist.
1230 2139 1316 2181 pesth.
1347 2142 1385 2174 ad
1413 2140 1744 2186 RA1uM2LAN-

129 2186 312 2217 G1sll.c.
350 2190 439 2221 7.38.
910 2196 931 2201 ⁴

217 2224 279 2261 (ο)
305 2195 441 2255 Μὶᾼκτ
458 2234 467 2253 1
483 2235 530 2253 NE
560 2220 602 2262 eff
626 2236 657 2264 p.
682 2235 748 2263 331.
778 2234 846 2264 332.

221 2265 287 2303 (p)
313 2266 339 2295 K
351 2276 369 2294 R
383 2276 401 2296 A
417 2277 432 2295 F
447 2274 469 2296 Τ
485 2265 585 2304 physic.
601 2268 713 2297 theoret.
735 2278 765 2306 p.
786 2275 856 2306 293.

217 2306 286 2341 (q)
309 2305 439 2336 IDEM
462 2306 534 2337 ibid.

219 2347 277 2383 (ν)
299 2344 334 2375 Μ
355 2356 519 2377 ARTINE
543 2359 571 2387 p.
593 2357 660 2386 332.

217 2389 276 2425 (s)
300 2385 345 2415 W
357 2397 376 2417 O
389 2397 407 2417 0
421 2396 443 2418 D
455 2397 480 2419 W
495 2398 516 2419 A
529 2399 549 2419 R
562 2400 581 2420 D
602 2388 736 2429 fitpplem.
759 2400 789 2428 p.
807 2393 854 2421 83.
