1968 2706
548 147 798 191 Morus
850 146 1240 190 LATERALrs.
1647 148 1731 201 ‘225

113 266 211 294 mam
237 249 404 291 exfiliret.
449 248 568 287 Porro
588 277 597 292 ,
622 246 767 296 quoties
800 243 944 293 sanguis
975 243 1022 282 de
1044 245 1183 282 arteriae
1204 239 1358 283 vulnere
1382 244 1494 293 paulo
1520 244 1655 285 diutius
1685 247 1737 286 ef.

112 315 215 358 fluit,
239 313 353 351 toties
379 310 506 359 utique
524 308 705 346 continuo
735 304 753 352 (
769 305 825 358 q)
849 303 935 342 saltu
955 304 1169 353 prorumpit
1186 330 1198 351 ,
1214 305 1324 342 etiam
1344 306 1381 342 in
1400 306 1536 343 arteriae
1562 305 1652 344 statu
1667 308 1736 345 mi-

112 375 218 412 nimo
246 399 259 418 ‚
284 371 354 408 sive
390 371 428 406 in
446 367 600 418 systole,
635 376 715 416 quae
739 365 789 402 est
808 371 890 403 ante
915 375 1020 401 novae
1048 363 1156 402 undae
1180 362 1217 402 in
1245 367 1411 403 arteriam
1439 366 1690 415 receptionem
1724 379 1732 404 ε

113 432 175 472 etfi
205 433 305 472 enim
339 420 378 466 in
407 429 543 466 arteriae
574 426 704 477 systole
733 424 912 463 humilior
939 423 1045 462 saltus
1073 424 1123 461 est
1149 423 1233 472 (r)
1255 451 1266 469 ‚
1296 426 1343 462 est
1367 434 1487 463 tamen
1509 429 1731 475 perpetuus,

112 505 236 543 neque
261 488 389 529 definit
415 487 526 526 fluere
548 514 560 532 ‚
590 485 738 536 quando
763 497 829 523 cor
856 483 1006 522 vicissim
1042 483 1102 521 sua
1133 485 1171 522 in
1201 485 1351 522 diastole
1389 485 1549 535 quiescit.
1615 485 1733 535 Expe-

112 555 311 590 timentum
339 549 379 585 in
407 547 543 586 arteriis
573 547 774 584 coronariis
797 574 807 589 ,
844 542 1135 584 intercostalibus
1153 571 1166 588 ,
1203 545 1404 582 cruralibus
1425 574 1434 588 ‚
1478 545 1699 583 carotidibus
1720 575 1729 589 ‚

112 613 148 650 ἃ
175 611 247 660 ipsa
278 609 575 657 denique‘aorta·
593 606 687 651 feci,
713 617 835 657 neque
861 615 1086 656 quemquam
1114 603 1192 643 dari
1208 604 1452 649 crediderim,
1469 606 1533 655 qui
1555 605 1730 644 facillimo

111 669 282 720 periculo
307 667 520 716 refragetur.

197 727 339 766 Verum
362 729 401 764 in
427 726 644 765 animalibus
678 725 802 774 frigidi
833 719 1016 773 sanguinis
1039 725 1192 773 propius
1228 725 1356 773 utique
1383 724 1428 762 ad
1455 730 1620 762 naturam
1642 737 1732 763 con-

111 787 361 838 templandam
395 784 601 839 progressus
630 785 731 829 sum,
759 797 844 823 cum
880 796 946 834 per
981 784 1207 822 membranas
1242 784 1493 836 pellucentem
1523 784 1635 821 vitalis
1664 785 1731 822 hu-

109 850 223 886 moris
252 848 438 895 sanguinis
461 853 607 884 motum
641 845 914 897 contemplarer
942 856 949 881 :
978 843 1162 894 saepiffime
1188 847 1284 881 enim
1312 843 1411 887 vidi,
1432 844 1574 882 arterias
1595 845 1730 882 anima-

108 909 151 946 lis
183 908 304 955 vegeti
334 906 506 954 sanguine
545 935 554 949 ,
590 905 678 943 dum
716 907 745 943 is
772 904 925 955 quidem
964 904 1182 942 movebatur
1201 933 1211 947 ,
1243 906 1423 954 perpetim
1455 902 1580 953 plenas
1625 903 1691 941 effe
1717 934 1726 948 ,

110 975 191 1005 tum
222 965 370 1016 quando
397 966 538 1014 sanguis
566 978 585 1002 a
615 965 736 1003 cordis
768 964 1017 1002 contra&ione
1046 975 1147 1001 novo
1179 966 1321 1013 impetu
1362 964 1540 1013 projeetus
1573 964 1729 1013 primam

108 1028 244 1064 undam
261 1025 513 1071 accelerabat,
533 1032 612 1062 tum
638 1025 750 1074 paulo
769 1026 851 1073 post
870 1052 879 1068 ‚
903 1022 1053 1073 quando
1083 1023 1239 1071 viciffini
1258 1036 1296 1062 ea
1324 1024 1539 1062 acceleratio
1568 1026 1725 1068 evanuit,

110 1087 147 1124 &
178 1097 244 1123 cor
270 1084 430 1122 laxatum
457 1083 618 1134 quiescit.
662 1083 706 1121 Id
735 1092 859 1122 autem
891 1082 1115 1133 potiffimum
1150 1084 1347 1132 oportebat
1382 1082 1599 1128 ostendisse,
1629 1085 1727 1133 prius

80 1171 92 1178 ε
108 1145 272 1184 arteriam
305 1144 478 1192 sanguine
500 1144 647 1196 plenam
673 1143 740 1181 effe
757 1170 768 1189 ‚
796 1155 907 1193 quam
933 1154 1067 1180 novam
1091 1143 1226 1180 undam
1247 1156 1266 1180 a
1298 1143 1410 1180 corde
1442 1143 1633 1195 impulsam
1663 1156 1729 1181 ac-

109 1206 209 1255 cipit.
274 1203 474 1241 Aue'torum
492 1230 504 1249 ‚
530 1216 614 1242 cum
630 1203 735 1241 facile
760 1202 925 1254 possem,
944 1201 1161 1241 consensum
1183 1213 1261 1239 non
1287 1209 1426 1251 repeto.

194 1261 319 1300 Video
355 1269 484 1302 contra
522 1263 598 1301 hoc
629 1265 927 1313 experimentum
952 1262 1134 1300 nonnulla
1157 1291 1167 1305 ,
1200 1274 1320 1311 neque
1348 1262 1481 1312 absque
1505 1263 1580 1299 veri
1607 1261 1726 1309 specie

107 1322 209 1376 posse
234 1322 344 1370 objici
377 1333 390 1360 :
421 1323 457 1360 &
481 1325 518 1360 in
549 1324 639 1361 meis
670 1323 753 1373 ipsis
780 1323 978 1362 incisorum
1007 1322 1220 1360 animalium
1245 1321 1400 1359 historiis
1427 1323 1578 1359 minime
1605 1333 1725 1359 rarum

109 1382 177 1422 effe
198 1409 210 1426 ,
235 1383 273 1419 in
299 1383 393 1419 ranis
432 1383 574 1433 aliquot
605 1383 732 1421 diebus
767 1384 962 1432 malignius
991 1382 1096 1432 pastis
1139 1382 1214 1430 (t)
1238 1410 1247 1423 ,
1285 1383 1430 1418 arteria3
1459 1389 1520 1418 aut
1568 1382 1724 1419 omnino

108 1446 232 1481 inanes
273 1443 423 1491 reperiri
447 1440 500 1494 (u
517 1443 538 1491 )
555 1473 565 1487 ,
599 1450 660 1482 aut
687 1450 785 1482 certe
812 1455 943 1494 paucas
970 1443 1069 1480 intus
1110 1441 1352 1489 globulorum
1389 1441 1500 1478 lineas
1543 1440 1644 1489 (x)
1671 1441 1724 1477 su-

109 1501 242 1552 pereffe
272 1527 284 1545 ‚
324 1500 413 1539 dum
443 1504 591 1540 interim
635 1504 778 1554 reliqua
819 1516 926 1542 cavea
958 1502 1073 1540 inanis
1107 1501 1251 1538 videtur
1289 1529 1298 1543 ‚
1347 1500 1383 1536 ἃ
1427 1501 1531 1537 omni
1579 1498 1724 1549 liquore

109 1573 220 1599 vacua
249 1560 298 1599 est
329 1589 339 1603 ,
384 1572 494 1610 quem
531 1564 630 1600 oculi
673 1563 844 1611 detegere
885 1560 1028 1611 possint.
1093 1559 1194 1598 Idem
1237 1559 1518 1608 phaenomenon
1553 1559 1724 1608 frequens

108 1622 157 1658 est
193 1647 205 1664 ‚
240 1621 389 1669 quando
428 1633 492 1669 per
533 1624 701 1670 repetitas
753 1634 928 1660 venarum
979 1618 1171 1658 incifiones
1206 1618 1297 1669 (y)
1336 1619 1546 1667 sanguinem
1584 1618 1722 1656 exhau-

107 1679 213 1717 fimus
245 1707 255 1722 ‚
290 1687 351 1717 aut
390 1680 522 1732 sponte
566 1683 676 1720 etiam
708 1685 852 1720 cruenti
885 1679 1030 1731 globuli·
1069 1680 1116 1718 de
1143 1680 1273 1718 arteria
1306 1678 1431 1717 furtim
1471 1679 1505 1716 se
1541 1678 1723 1716 subduxe-

107 1747 191 1777 runt
223 1733 312 1786 (z).

193 1797 324 1847 Neque
355 1805 477 1837 tamen
511 1800 644 1840 vellem
674 1812 898 1851 quemquam
928 1801 983 1839 his
1020 1802 1110 1839 meis
1149 1800 1250 1838 abuti
1283 1799 1555 1848 experimentis.
1600 1796 1722 1835 Potest

107 1859 144 1895 in
171 1857 298 1895 arteria
327 1854 527 1910 semiplena
553 1861 660 1899 inane
681 1861 837 1910 spatium
867 1863 985 1912 poni,
1010 1862 1058 1899 ita
1088 1860 1277 1898 adversarii
1300 1871 1308 1895 ε
1337 1859 1457 1907 potest
1488 1869 1547 1895 aer
1571 1855 1679 1893 inesse
1708 1869 1719 1902 3

1600 1915 1720 1965 potest

187 2033 203 2066 (
213 2032 259 2071 q)
284 2031 312 2062 H
325 2041 410 2062 ARV
423 2043 441 2063 ε
453 2046 464 2064 1
483 2045 594 2074 prooem
619 2037 657 2066 ad
675 2039 799 2068 Exercit.
815 2034 1007 2075 defimguinis
1031 2035 1211 2064 circulatione
1234 2044 1263 2072 p.
1284 2043 1312 2068 4.
1341 2030 1442 2063 Exi-rr.
1467 2030 1487 2060 l.
1507 2041 1537 2069 p.
1555 2040 1602 2069 33.
1618 2034 1716 2063 Exere.

105 2071 162 2104 111.
187 2085 213 2150 p.
240 2081 309 2151 ἷκε.
335 2084 405 2108 270.
429 2076 524 2107 HAL
540 2090 558 2110 E
573 2089 584 2108 s
605 2078 788 2117 haemastatiles
814 2088 832 2116 p
863 2090 892 2112 4.
917 2090 964 2110 11„
992 2087 1038 2106 1«.
1064 2078 1117 2108 &Q
1141 2074 1352 2106 TRALLES
1385 2074 1515 2112 confines.
1538 2075 1589 2104 vit.
1617 2085 1646 2114 p.
1673 2077 1718 2110 38.

216 2127 230 2145 r
290 2126 318 2153 p.
344 2124 360 2144 z
377 2125 421 2152 ¹3-

187 2158 256 2192 (t)
281 2158 387 2187 Second
417 2160 508 2191 Mem.
524 2164 580 2198 Jur
596 2161 620 2190 le
638 2170 733 2190 mouv.
755 2162 796 2190 ιῖιι
811 2158 887 2199 fimg
907 2155 986 2196 Exp.
1010 2170 1061 2194 74-
1084 2163 1131 2193 84.
1157 2168 1175 2189 z
1190 2163 1234 2189 18.
1257 2167 1326 2197 233.

186 2197 264 2233 (u)
283 2197 360 2235 Exi>-
386 2208 432 2237 73.
452 2209 498 2235 75·
520 2206 566 2235 84.
591 2208 641 2233 ὃς.
666 2213 731 2234 102.
759 2208 827 2238 218.
853 2208 919 2235 ης.
945 2206 1016 2232 ης,
1043 2208 1115 2236 233-

185 2239 262 2274 (x)
285 2238 364 2277 ΕΧΡ·
395 2251 443 2276 73-
465 2252 513 2277 75-
537 2248 586 2276 81.
613 2249 662 2280 85-

181 2281 253 2317 (y)
272 2278 350 2317 Exp.
373 2291 421 2317 75·
442 2293 508 2316 172.
536 2293 602 2321 225.
625 2291 692 2317 226.

189 2322 260 2357 (2)
284 2320 362 2360 Exp.
384 2334 431 2357 71.
457 2334 505 2363 73.

191 2401 340 2448 Haller
372 2403 582 2465 Plzyfiolog.
631 2410 738 2450 Tom.
770 2409 832 2451 ΙΙ,
1234 2409 1270 2450 F.
1290 2408 1308 2444 f
