1968 2706
273 204 348 246 378
708 187 1053 233 LIB.V11.-
1096 163 1447 236 εΕεΒΕΤΪο.

653 317 686 358 5.
714 313 762 352 ΙΙ
782 313 806 352 Ι.
856 308 1009 353 Dubius
1041 307 1245 366 glandulae
1281 310 1527 355 excretorias.

406 432 591 482 Pleraeque
641 429 825 480 glandulae
861 431 1148 481 conglomeratae
1186 434 1330 482 generis
1363 434 1513 473 dudum
1555 437 1801 475 excretorium
1842 450 1878 477 ο-

267 496 417 534 mittunt
449 522 460 536 ,
501 493 629 540 aliquae
669 494 777 530 etiam
807 492 1019 542 plusculos,
1050 501 1090 532 ut
1124 494 1326 532 lacrumalis
1357 494 1529 542 glandula
1553 521 1567 540 ‚
1600 496 1637 533 &
1675 496 1881 546 sublingua-

266 555 319 592 lise
382 553 418 591 Si
452 553 581 602 aliquae
616 551 696 589 sunt
723 581 732 595 ,
778 564 858 602 quae
899 553 1101 603 conspicuo
1131 554 1309 602 eJusmodi
1347 553 1457 592 duem
1500 554 1742 594 destituuntur
1763 582 1775 604 ‚
1804 568 1881 595 non

268 620 417 663 oportet
456 613 641 661 desperare
668 641 678 654 ,
705 613 793 662 quin
836 613 1033 661 aliquando
1066 614 1282 662 detegatur,
1319 619 1360 650 ut
1398 613 1546 663 quidem
1584 616 1622 653 in
1666 616 1878 666 thyreoidea

265 673 437 722 glandula
485 672 684 721 plurimum
716 672 931 711 „laboratum
973 674 1032 711 est.
1100 668 1253 711 Dufft'us
1291 669 1528 712 excretorias
1585 674 1716 713 canalis
1760 688 1876 725 genus

267 733 343 776 est,
373 744 473 770 venae
505 731 674 768 haelenus
714 733 913 775 aemulum,
948 730 1050 783 cujus
1067 733 1235 770 radiculae
1266 729 1449 777 minimae,
1484 744 1604 784 neque
1631 735 1732 773 nudo
1761 735 1874 772 oculo

268 792 492 844 conspicuae,
525 802 570 827 ex
620 792 730 827 acini<
771 792 921 840 perinde
968 792 1208 830 minutissimis
1234 800 1406 836 exeunt,
1442 793 1679 844 rivorumque
1719 793 1871 838 similes,

267 854 331 902 qui
365 853 403 888 in
432 850 581 888 fluvium
618 849 811 888 confluunt
843 877 854 896 ‚
896 853 935 888 in
966 853 1144 899 majorem
1186 852 1329 889 alveum
1359 853 1391 889 se
1418 853 1637 897 inmittunt,
1667 855 1730 904 qui
1761 865 1874 906 porro

268 923 353 949 cum
396 911 448 947 sui
483 908 657 945 fimilibaa
692 911 906 957 conjunstus
940 937 952 955 ‚
992 910 1118 948 sensim
1141 937 1153 958 ‚
1204 911 1401 949 secundum
1438 911 1647 950 consuetam
1700 915 1870 951 omnium

268 970 434 1009 vasorum
465 968 584 1016 legem
608 998 614 1005 .
643 971 678 1004 in
706 971 859 1016 majores
886 971 1074 1008 trunculos
1105 971 1301 1015 uniuntur,
1331 971 1397 1009 suis
1437 973 1542 1009 ramis
1570 972 1772 1020 conjunstis
1806 973 1876 1010 mi-.

270 1041 403 1071 nores,
433 1027 553 1064 donre
581 1031 734 1071 receptis
762 1030 958 1073 omnibus,
992 1042 1084 1079 quos
1108 1041 1236 1066 omnes
1259 1031 1369 1067 totius
1395 1028 1577 1079 glandulae
1607 1033 1700 1069 acini
1737 1033 1877 1070 emitte-

270 1089 379 1129 bant,
402 1087 548 1123 rcnwlis
566 1116 574 1129 ‚
609 1090 813 1136 praecipuus
833 1101 933 1126 nunc
964 1089 1092 1126 canalis
1111 1089 1332 1138 cylir=dricus
1362 1090 1435 1127 fere
1463 1091 1507 1127 de
1528 1091 1700 1138 glandula
1717 1091 1774 1128 sua
1806 1102 1877 1136 ex?

270 1156 355 1189 eat,
382 1147 651 1195 Ξιιηιοῑεωεψε
675 1146 775 1184 suum
807 1147 955 1184 demum
989 1155 1115 1196 aperto
1150 1148 1276 1185 osculo
1300 1178 1308 1191 ‚
1339 1147 1531 1186 constricto
1566 1150 1807 1199 plerumque,
1837 1151 1873 1188 δε

270 1207 494 1255 aliquantum
524 1206 668 1254 reliquo
691 1206 798 1243 duim
833 1207 1055 1255 angustiori,
1081 1208 1118 1242 in
1152 1208 1365 1254 ampliorem
1401 1208 1558 1256 aliquam
1598 1220 1742 1245 caveam
1771 1210 1872 1246 emit-

271 1273 341 1309 tat,
365 1273 407 1303 ut
427 1264 463 1301 in
493 1265 564 1301 oris
591 1267 768 1302 internam
792 1265 920 1302 faciem
938 1295 947 1309 ‚
984 1272 1045 1303 aut
1065 1266 1242 1308 intestini,
1277 1274 1336 1304 aut
1354 1267 1503 1303 demum
1538 1269 1693 1305 omnino
1718 1268 1761 1305 de
1795 1280 1875 1306 cor-

271 1327 371 1374 poris
399 1324 560 1372 cutisque
593 1324 779 1372 superficie
825 1326 987 1362 eliminet
1016 1351 1027 1372 ‚
1057 1332 1098 1362 ut
1131 1327 1167 1362 in
1206 1325 1488 1370 laerumaIibus,
1527 1327 1642 1364 boum
1674 1334 1799 1371 certe,
1833 1339 1874 1365 o-

272 1389 444 1432 viumque
480 1384 678 1426 (menibus,
704 1385 738 1420 ἃ
767 1396 831 1432 per
858 1397 994 1433 nupera
1024 1386 1295 1433 experimenta,
1316 1387 1421 1422 etiam
1449 1386 1625 1423 humanis

359 1443 425 1481 His
452 1443 630 1480 duetubus
668 1444 874 1480 membrana
912 1456 960 1481 ex
995 1443 1163 1480 cellulosa
1194 1444 1316 1492 stipata
1354 1444 1423 1480 tela
1456 1445 1535 1482 data
1568 1446 1638 1491 est,
1668 1455 1746 1494 quae
1774 1451 1869 1483 tena-

273 1515 352 1542 cem
384 1502 612 1545 firmitatem‚
642 1510 682 1539 ut
715 1514 811 1539 vena:
849 1503 978 1544 habet,
1004 1515 1078 1538 non
1108 1503 1259 1553 perinde
1303 1510 1423 1540 tamen
1459 1505 1497 1540 in
1538 1505 1709 1542 omnibus
1744 1505 1870 1542 dilata<
1912 1504 1914 1507 ’

272 1563 403 1601 tationi
434 1560 565 1598 ressstit.
630 1560 794 1598 Exterius
826 1562 995 1600 cellulosa
1024 1562 1094 1598 tela
1127 1590 1136 1604 ‚
1163 1561 1252 1610 scepe
1288 1562 1440 1611 pulchre
1475 1561 1678 1607 vasculosa‚
1720 1565 1875 1602 circum-

272 1622 424 1671 ponitur
442 1649 451 1663 ,
487 1632 577 1658 verae
602 1621 820 1657 membranae
850 1623 980 1658 innata.
1011 1621 1165 1659 lnterior
1190 1621 1314 1659 duetus
1341 1623 1533 1659 excretorii
1560 1625 1770 1660 membrana
1789 1635 1874 1661 cum

273 1681 480 1718 velamento
512 1681 587 1727 ejus
620 1691 737 1716 caveae
766 1681 1025 1723 continuatur,
1063 1681 1099 1716 in
1125 1692 1233 1730 quam
1268 1681 1418 1730 quisque
1449 1680 1575 1719 duetus
1607 1681 1709 1719 suum
1737 1682 1870 1720 humo-

273 1751 350 1776 rem
382 1738 535 1776 effundit
558 1765 570 1782 ,
598 1739 778 1787 palpebrae
811 1751 943 1788 nempe
977 1740 1155 1776 internam
1189 1740 1505 1787 membranulam,
1540 1741 1741 1777 intestinive
1765 1769 1774 1784 ,
1813 1748 1875 1777 aut

275 1800 358 1836 oris.
421 1796 514 1834 Duae
544 1797 635 1834 adeo
666 1797 811 1845 possunt
839 1799 873 1833 in
905 1810 1055 1846 quoque
1085 1798 1194 1834 duem
1225 1799 1355 1835 tunicae
1385 1799 1572 1846 cogitari,
1606 1799 1669 1837 etsi
1699 1811 1776 1837 non
1807 1811 1874 1837 no·

273 1859 342 1895 rim
373 1861 446 1893 arte
479 1855 681 1892 anatomica
717 1855 804 1893 duas
838 1856 1009 1906 separatas
1042 1855 1152 1892 fuiffe.

359 1914 404 1952 In
449 1914 505 1951 his
546 1926 659 1965 porro
710 1917 919 1952 excretoriis
963 1915 1125 1951 ductibus
1171 1915 1259 1952 alius
1306 1927 1323 1952 a
1371 1915 1541 1964 sanguine
1590 1915 1712 1965 liquor
1757 1918 1874 1955 conti-

275 1981 389 2013 netur.
454 1972 547 2011 Eum
595 1973 694 2022 quin.
721 1974 763 2010 ab
809 1975 941 2011 arteriis
983 1974 1138 2011 habeant
1160 2003 1169 2017 ,
1207 1987 1281 2010 non
1313 1974 1464 2012 dubium
1502 1975 1550 2011 est
1587 1987 1595 2011 :
1641 1987 1714 2012 non
1751 1984 1872 2013 tamen

276 2034 367 2072 adeo
404 2032 511 2071 facile
549 2033 641 2074 est,‘
679 2035 933 2081 experimento
986 2030 1289 2079 conjundstiouem
1343 2034 1591 2070 arteriolarum
1643 2035 1874 2073 minimarum

278 2105 361 2131 cum
402 2092 628 2130 nascentibus
667 2092 842 2129 dudiubus
885 2092 1141 2129 demonstrare.
1192 2092 1284 2137 Quae
1316 2091 1349 2128 V
1378 2105 1389 2128 1
1415 2104 1480 2136 nu
1506 2103 1522 2128 s
1547 2103 1563 2129 s
1586 2104 1602 2129 E
1626 2104 1651 2129 :e
1681 2106 1690 2129 1
1720 2107 1743 2131 u
1768 2106 1785 2131 s
1823 2096 1874 2131 vi.

278 2153 331 2190 dit
365 2148 452 2203 (r)
475 2177 487 2194 ,
517 2162 589 2198 ego
613 2150 762 2197 quidem
786 2151 830 2188 ad
857 2151 1064 2187 cellulol'am
1095 2153 1199 2189 unice
1226 2151 1395 2188 fabricam
1428 2152 1605 2199 pertInere
1646 2153 1872 2199 persuadeor.

277 2211 409 2260 Neque
433 2212 528 2246 enim
558 2208 766 2258 quisquam,
796 2210 923 2247 ultima
949 2210 1213 2248 convexiffimae
1230 2211 1334 2247 lentis
1363 2211 1528 2258 potentia
1553 2208 1693 2262 adjutus
1715 2242 1723 2255 ‚
1744 2225 1789 2250 ex
1808 2214 1875 2250 mi.-

279 2271 377 2307 nima
399 2268 566 2307 arteriola
592 2267 734 2306 alterius
767 2270 909 2318 generis
932 2269 1093 2306 canalem
1134 2269 1229 2306 nasci
1263 2270 1375 2312 vidit,
1420 2276 1460 2307 ut
1493 2270 1574 2308 alias
1603 2274 1732 2310 monui
1760 2267 1872 2322 (5),

1816 2331 1879 2381 qui

495 2428 507 2448 1
522 2430 575 2451 tu
588 2430 600 2450 s
614 2431 626 2450 s
641 2431 656 2451 n
669 2430 713 2450 us
739 2420 772 2449 de
786 2417 890 2458 strues.
910 2416 975 2458 vg's'c.
1000 2429 1030 2459 p.
1053 2424 1101 2448 60.
1126 2419 1171 2449 des
1192 2418 1315 2458 liqueurs
1344 2429 1373 2458 p.
1388 2428 1444 2455 129
1467 2420 1523 2451 &a

360 2420 432 2456 (r)
456 2419 481 2449 V

365 2461 430 2498 (s)
448 2460 551 2493 L‚11.
571 2471 600 2501 p.
629 2468 678 2498 98.
