1968 2706
262 163 342 204 178
426 148 471 192 L.
496 149 577 194 VI.
613 143 864 193 SECTJ.
921 149 1253 193 SANGUINIS
1290 152 1400 194 PER
1444 152 1745 199 ARTERIAS

256 252 363 288 nimis
388 252 594 289 arteriarum
622 248 752 287 finibus
777 250 899 288 minor
925 249 1085 299 superfit.
1133 250 1277 296 Quanta
1297 262 1384 289 vero
1413 253 1585 301 portione
1604 255 1826 296 diminuatur
1852 261 1862 302 ²,

257 316 346 348 tunc
366 310 514 353 demum
532 308 777 355 intelligemus
792 336 801 351 ‚
840 309 988 358 quando
1018 309 1244 347 constantem
1264 310 1383 358 legem
1409 313 1595 359 cognitam
1614 313 1829 354 habebimus
1849 346 1859 360 ,

258 381 329 418 qua
352 367 488 406 lumina
509 379 693 404 ramorum
731 370 853 405 trunci
881 368 1005 405 lumen
1039 369 1207 418 superant
1236 398 1246 412 ‚
1280 369 1316 406 &
1346 370 1493 418 quando
1521 373 1729 411 arteriarum
1756 378 1862 414 mini-

255 440 395 465 marum
418 427 611 479 mediocris
642 427 815 464 diameter
845 427 970 464 rectius
1007 426 1152 465 definita
1180 428 1276 472 erit;
1311 435 1419 478 atque
1446 429 1538 467 adeo
1560 440 1734 470 numerus
1769 435 1858 472 divi-

255 486 398 524 fionum
421 500 439 524 a
475 494 605 524 trunco
629 496 736 524 aortae
761 486 804 524 ad
821 488 1011 524 minimam
1027 488 1192 524 arteriam
1222 488 1327 525 certis
1351 489 1390 526 in
1413 488 1572 528 numeris
1600 492 1779 541 expreffus
1792 505 1859 532 no-

257 553 386 596 tusque
423 546 630 585 habebitur.

657 601 696 653 §-
732 605 833 644 XVl.
879 600 1083 644 Frifflionis
1112 601 1174 646 vis
1201 602 1462 645 retardat-rix.

809 723 837 762 Ι.
886 717 931 761 Α
959 719 1061 779 vofis
1081 719 1329 779 longitudine.

364 842 608 880 Potentissima
639 842 737 879 causa
769 841 954 879 retardatae
981 844 1180 882 velocitatis
1199 871 1208 885 ,
1241 855 1311 892 qua
1332 855 1378 881 ex
1397 843 1510 880 corde
1540 843 1682 891 sanguis
1710 847 1861 897 expelli-

254 912 313 942 tur
332 929 342 949 ‚
376 903 424 939 est
456 904 580 951 utique
606 901 722 939 friffio
744 928 756 947 ‚
786 901 856 938 five
881 902 1029 940 adtritus
1053 901 1310 952 particularum
1341 901 1441 939 fluidi
1472 909 1596 939 contra
1621 902 1777 951 asperam
1805 907 1858 942 su-

254 962 440 1012 perficiem
462 963 638 998 internam
663 962 841 998 canalium
858 989 867 1003 ,
892 973 984 1009 quos
1015 962 1052 999 id
1078 962 1230 999 fluidum
1255 963 1463 1008 percurrit,
1491 973 1565 1011 quo
1593 970 1763 1010 praeterea
1781 976 1860 1001 om-

254 1034 340 1059 nem
366 1020 660 1058 consumtionem
693 1020 883 1057 celeritatis
911 1029 1068 1070 acceptae
1097 1022 1283 1059 referimus
1302 1045 1313 1065 ‚
1343 1032 1422 1070 quae
1444 1020 1598 1069 plurima
1615 1019 1653 1057 fit
1675 1023 1712 1058 iu
1744 1031 1859 1060 muta-

255 1083 355 1118 tione
379 1079 502 1127 figurae
528 1079 705 1116 canalium
732 1081 765 1117 8<
801 1080 1058 1127 particularum
1092 1081 1183 1117 adeo
1205 1080 1336 1126 exigua
1361 1079 1567 1117 discessione
1587 1106 1598 1122 ‚
1616 1092 1695 1129 quae
1721 1093 1783 1119 eos
1803 1093 1858 1119 ca-

254 1141 351 1177 nales
382 1139 614 1176 constituunt.
663 1136 708 1174 Ea
743 1139 859 1176 frictio
883 1139 919 1174 in
955 1139 1137 1177 canalibus
1163 1137 1378 1188 aquilegum
1412 1141 1607 1175 maximam
1643 1141 1857 1188 potestatem

254 1206 424 1241 exercet,
453 1197 522 1234 five
543 1197 653 1244 lignei
679 1196 838 1239 fuerint,
870 1197 938 1234 five
960 1199 1127 1235 metallici
1147 1224 1158 1242 ‚
1186 1197 1254 1233 five
1274 1200 1378 1234 terrei
1399 1210 1406 1233 ε
1437 1196 1618 1246 efficitque
1633 1212 1649 1240 ‚¹
1673 1207 1712 1236 ut
1741 1199 1785 1236 de
1804 1199 1857 1236 ul-

255 1258 352 1297 timis
375 1257 585 1295 tubulorum
614 1256 710 1292 ostiis
736 1257 851 1293 multo
873 1258 994 1293 minor
1017 1260 1054 1294 in
1086 1259 1170 1294 dato
1191 1265 1356 1303 tempore
1382 1256 1560 1304 quantitas
1579 1256 1698 1294 effluat
1715 1286 1724 1300 ‚
1744 1270 1854 1307 quam

255 1319 403 1368 quidem
430 1328 476 1354 ex
501 1315 630 1353 castelli
661 1316 923 1366 amplitudine,
955 1318 988 1353 Sc
1014 1329 1112 1366 aqua:
1143 1329 1203 1365 per
1223 1315 1360 1363 lapsum
1383 1315 1555 1365 adquisita
1579 1316 1758 1354 celeritate
1776 1346 1784 1360 ,
1810 1319 1855 1354 li-
1877 1341 1882 1345 -

254 1379 358 1415 cebat
383 1374 603 1424 exspectasse.

354 1436 404 1472 Ut
429 1435 604 1485 liquidior
627 1434 741 1471 sermo
767 1435 827 1471 fiat
856 1463 864 1477 ,
906 1442 1060 1484 quatuor
1086 1435 1280 1473 minimum
1307 1434 1424 1470 modis
1453 1434 1566 1472 fric‘tio
1594 1433 1854 1483 profluentium

254 1507 426 1544 aquarum
453 1495 670 1532 celeritatem
697 1494 835 1541 frangit.
888 1494 985 1541 Ergo
1015 1496 1085 1543 ipsa
1107 1493 1303 1542 longitudo
1332 1493 1503 1531 tuborum
1540 1522 1549 1536 ,
1579 1495 1685 1530 etiam
1707 1494 1852 1542 amplo-

253 1568 334 1592 rum
351 1584 361 1598 ‚
398 1556 433 1591 ὃς
461 1553 748 1603 cylindricorum
765 1582 774 1598 ‚
803 1561 924 1591 tamen
952 1554 1157 1595 stiffi-ionem
1188 1559 1326 1601 auget,
1366 1564 1448 1590 cum
1470 1553 1678 1590 confrid'ram
1705 1552 1854 1604 superfi-

253 1616 346 1652 ciem
362 1643 370 1657 ,
402 1615 682 1662 asperorumque
699 1612 915 1661 punctorum
941 1625 1131 1651 numerum
1149 1620 1304 1660 augeat,
1331 1622 1456 1651 contra
1478 1624 1556 1659 quae
1582 1613 1756 1649 elementa
1775 1611 1852 1648 flui-

253 1673 297 1710 da
319 1675 528 1710 adteruntur
563 1671 662 1718 (lc).
711 1670 808 1707 Hinc
830 1684 929 1719 aquae
956 1672 1119 1710 ductibus
1146 1673 1340 1719 praelongis
1368 1683 1468 1720 aquae
1488 1672 1645 1707 celeritas
1675 1672 1851 1707 maximo-

251 1744 337 1780 pere
363 1733 537 1769 minuitur
565 1758 573 1772 ,
602 1731 636 1765 ἃ
662 1742 762 1778 aquae
790 1730 1029 1767 transfluentis
1061 1739 1122 1769 aut
1147 1731 1253 1778 copia
1276 1757 1288 1773 ,
1319 1738 1380 1767 aut
1413 1730 1516 1767 saltus
1539 1729 1710 1767 decrescit
1743 1729 1844 1776 (x).

252 1792 294 1829 In
318 1792 409 1828 tubo
443 1790 540 1826 mille
578 1789 742 1825 ulnarum
779 1817 788 1830 ‚
826 1791 861 1824 in
909 1790 1163 1838 experimento
1191 1818 1200 1830 ‚
1233 1789 1402 1826 undecim
1440 1788 1665 1825 duodecimis
1692 1789 1850 1838 partibus

251 1852 372 1887 minus
396 1850 439 1886 de
467 1849 600 1885 ultimo
635 1846 737 1885 labro
764 1847 904 1884 effluxit
928 1877 937 1890 ‚
973 1861 1079 1898 quam
1104 1861 1149 1886 ex
1179 1846 1323 1885 calculo
1350 1848 1543 1896 oportebat
1579 1848 1615 1883 in
1646 1847 1730 1884 dato
1761 1857 1850 1884 tem-

251 1922 344 1959 pore
380 1906 551 1946 effluxiffe
595 1906 691 1956 (y).
741 1907 783 1945 In
819 1906 1001 1956 systemate
1031 1907 1095 1946 suo
1127 1908 1301 1947 tuborum
1328 1908 1474 1959 „reperit
1505 1905 1601 1944 Clar.
1641 1905 1730 1943 olim
1764 1908 1850 1965 anii-

1787 1976 1848 2002 cus

338 2106 409 2141 (u)
432 2103 492 2135 No
506 2114 581 2134 ιιι-τ
595 2113 618 2133 ’1¹
642 2105 730 2143 leqons
749 2102 788 2135 Τ.
818 2103 842 2133 Ι.
871 2114 901 2142 p.
925 2112 992 2141 231.
1017 2108 1086 2138 236.
1107 2109 1178 2137 249-
1198 2110 1266 2140 253.
1295 2106 1394 2134 Fratre.
1425 2102 1628 2132 Boissim
1655 2100 1685 2130 in
1710 2102 1847 2133 Memnir.

254 2148 287 2177 tie
307 2146 420 2177 I'Acad.
441 2149 486 2175 des
507 2148 606 2176 Scione.
631 2142 672 2175 ἄρ’
690 2147 786 2176 Berlin
806 2155 890 2182 1755-
910 2156 938 2184 p.
964 2157 1010 2180 47·
1045 2140 1106 2178 Qui
1128 2152 1144 2171 a
1169 2143 1326 2181 superficie
1349 2143 1527 2174 frifflonem
1549 2153 1611 2173 non
1632 2142 1733 2180 augeri
1756 2163 1763 2176 ‚
1798 2142 1848 2172 sed

255 2186 311 2218 effe
334 2187 365 2216 iu
387 2187 531 2226 ponderis
553 2186 755 2216 incumbentis
772 2187 890 2216 ratione
904 2205 912 2218 2
930 2187 1110 2221 ‚docuerunt
1123 2201 1132 2215 ³
1152 2183 1174 2213 ii
1199 2185 1235 2214 de
1255 2184 1421 2215 solidorum
1444 2185 1588 2215 frictione
1602 2183 1692 2213 unice
1713 2182 1848 2222 intelligi

254 2229 365 2258 debent
379 2250 387 2263 ⁷
413 2238 511 2266 neque
539 2227 632 2258 etiam
650 2238 717 2258 eam
743 2227 920 2259 frictionem
944 2228 1027 2257 rcere
1045 2223 1199 2255 affimant.
1234 2225 1350 2256 Frictio
1365 2237 1380 2255 a
1398 2226 1550 2265 duplicata
1569 2224 1725 2264 superficie
1741 2231 1846 2263 quarta

252 2276 340 2308 parte
366 2269 454 2299 aneia
482 2270 544 2302 est,
570 2279 585 2298 a
607 2269 761 2307 duplicata
784 2269 930 2307 preffione
955 2264 1080 2297 dimidia
1102 2272 1187 2304 parte
1210 2266 1236 2296 N
1252 2277 1301 2296 οι
1317 2277 1397 2297 LET
1426 2278 1453 2306 ρ,
1478 2277 1542 2304 253.

338 2311 350 2343 (
364 2314 410 2347 x)
437 2309 471 2339 M
486 2321 505 2340 Α
516 2321 539 2341 R
552 2322 562 2340 1
578 2321 596 2340 o
610 2320 632 2340 'r
649 2320 672 2340 *Γ
685 2321 701 2340 E
721 2310 805 2340 truite'
827 2311 867 2339 du
885 2313 1061 2338 mouvement
1083 2307 1128 2335 des
1149 2318 1220 2337 caux
1247 2319 1275 2346 p.
1301 2319 1366 2344 492.
1410 2308 1483 2339 edit.
1513 2307 1596 2346 Belg.
1619 2304 1651 2334 Μ
1664 2317 1686 2336 U
1701 2316 1711 2335 s
1724 2317 1741 2335 c
1754 2316 1773 2335 η
1786 2315 1845 2334 EN-

253 2362 271 2382 Β
283 2361 331 2381 RO
346 2361 360 2380 n
374 2362 389 2380 c
402 2363 423 2382 ir
448 2351 542 2392 Effays
567 2354 599 2381 de
610 2351 739 2390 phyfique
759 2362 786 2389 p,
807 2358 874 2388 339.
903 2349 927 2379 B
940 2360 958 2379 o
975 2361 984 2379 1
1000 2362 1011 2379 s
1028 2361 1039 2379 s
1051 2359 1062 2377 1
1076 2359 1092 2377 E
1104 2357 1126 2377 R
1151 2351 1246 2381 Mem.
1267 2351 1300 2379 de
1319 2351 1426 2386 Berlin.
1456 2359 1543 2389 1755.
1567 2358 1596 2387 p.
1612 2356 1660 2382 47.
1679 2344 1805 2387 dzſjifirr
1819 2347 1846 2375 la

249 2396 372 2424 muniere
382 2394 450 2423 dont
471 2396 503 2423 les
522 2395 703 2423 medicantem
716 2395 770 2422 &a
793 2403 821 2431 p.
839 2402 884 2428 25.

331 2434 398 2472 (y)
420 2433 445 2471 J.
471 2435 589 2472 Theoph.
616 2434 643 2464 D
659 2444 673 2464 ι
686 2444 697 2464 s
710 2444 729 2465 A
745 2443 797 2466 GU
810 2444 828 2463 1.
841 2443 853 2462 ι
869 2443 884 2464 ιι
898 2443 919 2464 R
933 2445 943 2464 s
961 2429 1057 2471 philol:
1069 2429 1204 2472 tratgsafl‘
1224 2443 1253 2463 n.
1267 2441 1334 2471 393.
