1968 2706
294 178 379 227 ³75
742 172 881 217 LIB.
924 172 1062 218 VII.
1104 178 1464 223 secerno.
1505 141 1518 153 ‘

293 272 430 323 plinius
458 270 476 324 ζ
484 270 558 323 e),
581 272 876 320 magnitudinem·
897 273 1091 323 superant,
1129 288 1208 314 non
1238 276 1372 314 eaedem
1401 284 1462 316 aut
1497 277 1672 329 simplices
1698 278 1710 325 ζ
1740 287 1801 320 aut
1823 281 1888 319 fibi

292 335 481 371 continuae
505 358 518 377 ‚
548 332 607 369 sed
633 343 679 368 ex
698 333 832 370 lobulis
864 334 1104 383 compositae,
1142 348 1235 386 quos
1268 336 1387 374 laxior
1417 337 1588 376 cellulosa
1616 340 1684 376 tela
1709 343 1885 385 revincit,

297 395 335 431 ἅτ
360 405 426 442 per
450 403 609 442 quorum
641 392 824 429 intervalla
850 392 925 431 vasa
956 393 1149 441 sanguinea
1175 397 1348 445 nervique
1374 404 1518 446 repunt.
1562 397 1632 436 Eos
1666 398 1774 437 lobos
1797 412 1887 449 aqua

295 465 361 506 per
381 450 519 489 arterias
543 449 670 500 injecta
695 452 743 489 ita
766 451 889 494 laxat,
920 459 959 490 ut
984 453 1121 491 facilius
1148 454 1271 492 videas
1299 456 1427 492 iterato
1455 467 1502 493 ex
1522 458 1726 495 minoribus
1755 458 1887 497 lobulis

297 511 485 554 conflare,
509 512 601 548 inter
618 522 712 559 quos
737 512 879 549 minora
904 511 1042 550 vascula
1064 513 1327 558 intercedunt,
1354 513 1475 552 donec
1497 518 1647 568 repetita
1674 516 1879 562 divisione,

300 571 344 609 ad
362 572 490 609 minin
496 582 562 615 os,
577 570 690 608 oculo
704 578 824 608 tamen
832 563 1087 623 conspicuos,
1106 574 1230 611 acinos
1250 580 1504 623 perventum]
1482 573 1549 619 fit,
1564 575 1656 612 firm
1648 588 1738 613 iores
1758 588 1802 627 pe
1807 588 1887 626 rpe-

297 639 386 679 tuo,
405 631 457 668 uti
472 631 632 668 minores
645 631 725 667 sunt
742 656 755 674 ,
771 631 832 680 qui
825 642 852 668 a
872 642 1001 668 eorum
1018 633 1202 680 particulae
1220 633 1376 670 breviori
1390 633 1558 671 cellulola
1576 635 1645 672 tela
1661 635 1886 683 distinguun-

293 698 355 728 tur
375 719 385 734 ,
412 690 624 739 firmiusque
650 690 693 727 ab
721 702 759 727 ea
791 691 1065 734 revinciuntur,
1093 703 1204 740 quam
1228 692 1380 740 quidem
1409 704 1494 730 cum
1531 695 1728 742 majori-bus
1750 695 1884 733 lobulis

283 749 492 788 cohaerent.
541 749 721 788 Caeterum
752 751 789 786 in
811 750 1016 786 universum
1041 751 1191 789 rotundi
1218 777 1231 795 ,
1258 751 1385 802 pallidi
1404 751 1479 789 fere
1508 753 1602 789 acini
1626 753 1730 796 sunt,
1758 755 1794 791 δι
1811 754 1885 791 abs-

287 821 365 859 que
397 810 572 846 testarum
593 808 760 845 fibrarum
790 809 1001 852 consortio,
1035 821 1105 858 qua
1139 817 1226 848 nota
1251 823 1270 847 a
1298 822 1404 848 carne
1443 811 1632 850 manifesto
1659 813 1884 860 distinguun-

291 876 364 906 tur.
416 867 535 905 Sicos
563 870 688 905 acinos
723 868 821 905 lente
852 866 965 905 vitrea
991 896 1002 911 ,
1034 869 1168 906 deinde
1199 870 1315 907 acrius
1340 877 1499 918 augente
1522 873 1736 909 convexiori
1769 872 1885 920 sphae-

278 927 364 966 sula
391 925 659 976 contemplatus
691 926 800 964 fueris
823 955 833 972 ‚
859 928 1016 975 reperies
1033 953 1046 971 ,
1074 940 1092 965 a
1112 928 1258 966 lineolis
1286 928 1465 966 cellulofis
1494 930 1627 968 iterum
1659 932 1696 968 in
1724 932 1886 968 minores

289 988 416 1025 acinos
433 985 546 1023 dividi
570 1014 581 1029 ,
613 997 705 1035 quos
732 986 876 1023 brevior
904 986 1044 1035 semper
1075 985 1267 1026 cellulosus
1299 994 1418 1026 textus
1449 990 1668 1038 conjungit,
1692 1002 1811 1039 neque
1838 989 1884 1027 fi-

294 1058 381 1084 nem
406 1047 569 1082 invenies
596 1044 778 1082 divifionis
796 1071 812 1090 ‚>
836 1045 1029 1095 albidaque
1053 1046 1194 1096 semper
1221 1053 1346 1085 natura
1378 1047 1550 1096 supererit
1565 1075 1577 1092 ‚
1607 1062 1717 1099 quam
1733 1049 1885 1087 cellulo-

292 1105 339 1143 sae
363 1106 398 1143 &
419 1104 608 1143 vasculosae
633 1105 737 1143 lineae
757 1105 1050 1154 interstinguunt.
1087 1105 1137 1144 Ea
1154 1107 1322 1145 cellulosa
1341 1107 1434 1153 tela,
1458 1108 1552 1144 inter
1572 1110 1744 1146 minimos
1759 1111 1883 1146 acinos

293 1167 414 1203 brevis
453 1159 533 1217 (f)
567 1165 603 1201 &
638 1164 743 1202 densa
766 1190 778 1213 ,
805 1165 899 1201 inter
929 1167 1082 1212 majores
1110 1165 1236 1203 senfim
1278 1166 1396 1204 laxior
1425 1166 1461 1202 &
1489 1166 1641 1214 longior
1669 1196 1679 1211 ,
1711 1169 1883 1217 mistaque

295 1225 448 1266 subinde
476 1219 734 1273 pinguitudine
754 1253 764 1267 ,
790 1223 941 1261 demum
968 1225 1005 1260 in
1027 1232 1188 1263 extrema
1205 1226 1294 1262 facie
1316 1225 1498 1273 glandulae
1519 1226 1705 1274 longiores
1723 1256 1734 1270 ‚
1755 1228 1881 1265 redho-

293 1297 426 1336 resque
448 1285 485 1321 in
509 1284 611 1322 fibras
637 1283 783 1332 stipatur
807 1311 817 1325 ,
851 1295 926 1319 non
953 1283 1085 1333 absque
1113 1284 1305 1333 splendore
1324 1311 1338 1328 ,
1379 1296 1459 1333 quae
1491 1285 1638 1323 lobulos
1662 1286 1844 1334 colligunt
1868 1316 1877 1330 ,

295 1345 494 1394 dilapsuros
522 1344 566 1381 ab
603 1344 761 1379 invicem
792 1371 802 1385 ,
842 1340 866 1377 fi
896 1353 951 1379 eas
982 1342 1086 1380 fibras
1116 1344 1319 1382 resecueris.
1370 1343 1412 1381 ln
1444 1345 1610 1393 parotide
1645 1346 1681 1382 ὃς
1707 1346 1880 1394 glandula

297 1404 475 1442 maxillari
501 1401 759 1440 evidentifiime
786 1400 902 1438 fraudi
930 1401 1078 1439 suerunt
1103 1402 1157 1440 (ΣΙ.
1187 1404 1271 1440 viris
1296 1431 1305 1446 ,
1334 1412 1375 1440 ut
1402 1402 1584 1451 glandulis
1615 1405 1770 1455 capsulas
1795 1404 1876 1458 (g)

294 1466 334 1503 1&
354 1463 573 1501 musculosas
594 1462 742 1499 demum
769 1461 918 1509 vaginas
943 1462 1152 1500 tribuerent.
1183 1462 1288 1499 Nihil
1313 1464 1409 1499 enim
1438 1462 1638 1512 quidquam
1659 1464 1728 1500 ulla
1751 1464 1879 1502 harum

293 1522 548 1573 glandula-rum
581 1519 771 1559 musculoss
797 1520 938 1557 habuit.
988 1519 1052 1557 Uti
1079 1533 1165 1559 vero
1196 1523 1290 1559 varia
1317 1522 1498 1559 celiuloi‘ae
1521 1522 1599 1560 telae
1625 1522 1668 1560 ad
1683 1525 1806 1561 acinos
1826 1535 1880 1562 ra-

295 1585 350 1621 tio
373 1612 381 1626 ‚
408 1581 607 1630 longitudo
629 1582 665 1618 ἃ
696 1580 822 1617 laxitas
850 1580 899 1617 est
923 1608 934 1623 ‚
961 1581 1008 1617 ita
1026 1580 1103 1617 aliae
1131 1580 1311 1628 glandulae
1334 1587 1395 1618 aut
1418 1581 1573 1618 laxiores
1599 1581 1678 1619 sunt
1697 1611 1708 1626 ,
1739 1590 1799 1619 aut
1821 1582 1879 1620 fir·

289 1645 426 1683 miores
444 1640 592 1678 viciffim
623 1649 633 1678 ε
658 1638 851 1677 firmissima
870 1651 1037 1676 mammae
1063 1639 1236 1686 glandula
1261 1665 1272 1685 ‚
1300 1640 1336 1677 &
1365 1641 1498 1689 parotis
1528 1669 1537 1683 ‚
1567 1641 1686 1678 mollis
1720 1640 1876 1689 thyreoi-

289 1704 358 1741 dea
384 1699 580 1749 glandula,
603 1699 749 1748 thymus
772 1698 1010 1736 moniflimus.
1058 1697 1287 1737 Lobulorum
1314 1701 1420 1738 etiam
1448 1700 1662 1748 magnitudo
1683 1697 1748 1737 alia
1774 1701 1822 1736 est
1838 1701 1876 1736 in

290 1763 368 1801 aliis
388 1788 398 1803 ,
425 1760 574 1796 minima
600 1760 636 1796 ’m
660 1757 839 1795 renalibus
872 1757 1026 1809 capsulis
1052 1786 1063 1801 ,
1099 1770 1229 1806 magna
1255 1756 1292 1794 in
1327 1769 1482 1795 mamma
1511 1787 1522 1801 ‚
1558 1760 1670 1806 inque
1699 1759 1876 1796 maxillari

289 1822 405 1860 salivae
434 1818 549 1855 dicata
576 1816 756 1865 glandula.
796 1815 1026 1853 Lobulorum
1048 1817 1096 1852 ita
1118 1816 1314 1854 obscurum
1337 1816 1527 1864 vestigium
1555 1817 1606 1854 cst
1628 1819 1665 1854 in
1691 1817 1844 1867 prostata
1860 1846 1871 1862 2

287 1887 332 1919 ut
355 1875 642 1928 conglomeratis
665 1876 726 1912 vix
748 1874 934 1911 accensere
954 1873 1070 1923 possis.

376 1936 540 1976 Firmitas
569 1933 693 1974 sensim
714 1934 812 1971 aucsa
840 1932 1021 1971 cellulosae
1040 1932 1119 1971 telae
1134 1933 1249 1977 facit,
1269 1938 1314 1973 ut
1331 1960 1343 1980 ‚
1361 1934 1512 1987 perinde
1534 1937 1588 1972 uti
1610 1937 1841 1985 conglobatae
1860 1967 1870 1981 ,

287 2001 336 2037 ita
368 1996 656 2045 conglomeratae
677 1993 808 2042 aliquae
827 2021 836 2035 ,
870 1989 908 2031 &
935 1994 1103 2042 princeps
1121 1993 1269 2041 thymus
1288 2024 1298 2037 ‚
1331 2006 1416 2031 cum
1449 1994 1619 2032 adultiori
1641 2003 1743 2033 aetate
1769 1997 1873 2034 dimi-

282 2063 468 2099 nuantur,
498 2056 615 2104 pueris
647 2048 686 2089 in
716 2052 918 2090 universum
936 2080 946 2095 ‚
977 2053 1256 2101 minoribusque
1281 2053 1494 2091 animalibus
1521 2055 1698 2092 maximae.

372 2116 519 2155 Arteriae
557 2124 634 2152 non
667 2122 792 2162 paucae
825 2111 1095 2160 conglomerati
1127 2113 1269 2163 generis
1306 2112 1493 2161 glandulas
1526 2112 1660 2151 adeunt
1686 2140 1698 2159 ,
1730 2114 1872 2153 densio-

1781 2186 1836 2212 res
1856 2201 1869 2217 ,

356 2295 425 2373 ί(3))
447 2292 542 2397 {aiiii
547 2286 787 2364 ὺξέἑξηιῑῖτῖῐλπι
810 2333 882 2371 glut
878 2342 907 2360 n
931 2329 1011 2364 dixit
1035 2327 1244 2367 Lusum,
1272 2331 1357 2370 quod
1382 2335 1467 2363 extus
1486 2329 1562 2362 valis
1580 2330 1752 2363 adhaereat,
1772 2329 1868 2368 fitque

277 2384 351 2416 pars
371 2387 409 2416 ἐς.)
414 2384 451 2406 ·.Ξῖ
497 2377 638 2415 esangur
644 2374 688 2405 iis
708 2393 717 2407 ‚
743 2375 776 2403 cle
794 2374 922 2412 glz.a21lul
948 2385 974 2404 n.
998 2387 1025 2408 9.
1054 2383 1101 2411 ¹3-
1121 2382 1165 2410 31.
1186 2372 1246 2403 P10
1264 2373 1392 2404 vasculis
1415 2372 1573 2404 minorum
1595 2382 1744 2412 generum
1759 2370 1868 2402 descri-

274 2419 333 2458 psit
355 2417 429 2448 lo
429 2425 629 2448 cna-:rra
647 2428 659 2447 s
687 2414 848 2454 desalivat.
874 2423 904 2452 p.
928 2421 973 2444 τε.
1000 2414 1102 2445 Ε’Ξίπις
1125 2416 1260 2446 vocabat
1281 2414 1503 2451 zewxus
1527 2409 1671 2455 Cofinotog
1684 2416 1760 2445 Sacr.
1775 2423 1806 2452 p.
1798 2419 1866 2442 ‚²0

351 2460 421 2498 (g)
448 2459 687 2491 XWAzwnnn
715 2458 750 2487 de
772 2457 869 2496 lingua
888 2457 1017 2488 humana
1036 2467 1069 2496 p.
1086 2455 1114 2487 6.
