1968 2706
202 183 287 222 434
504 220 508 221 γ
556 164 690 210 ΜΒ.
722 163 856 208 VII.
902 150 1098 209 sEo'T.
1125 166 1217 208 III.
1264 169 1496 210 CAUSAE

202 265 365 305 tionibus
387 266 690 308 exercitatorum,
713 266 749 303 ὃς
775 267 813 303 in
841 277 978 314 magno
1007 266 1161 303 animale
1182 293 1192 308 ,
1226 265 1262 301 &
1296 267 1330 302 in
1363 277 1497 314 parvo,
1527 265 1564 306 δι’
1589 268 1626 305 in
1647 267 1754 316 viro,
1785 271 1822 307 δι

203 327 240 364 iu
274 337 408 376 puero,
427 327 585 374 ejusdem
612 325 694 362 [unt
729 326 1004 374 magnitudinis.
1066 324 1200 363 Eadem
1228 325 1411 374 aequalitas
1442 327 1547 364 etiam
1570 328 1607 364 in
1629 325 1724 366 fibris
1747 340 1822 367 car-

201 388 281 424 neis
311 386 481 428 obtinet,
518 397 605 434 quas
637 386 673 422 δι
697 386 734 421 in
761 386 922 422 mirum-fs
957 384 1169 422 animalium
1197 396 1298 433 aeque
1335 396 1509 433 magnam,
1537 398 1580 424 ac
1604 386 1753 435 quidem
1783 389 1821 425 in

202 443 397 483 vastiffimis
422 444 572 486 belluis,
605 444 697 482 olim
724 444 767 481 ab
801 445 905 481 omni
936 444 997 481 hic
1027 444 1255 492 praejudicata
1287 446 1466 493 opinione
1490 457 1601 494 purus
1621 440 1820 484 Antonius

200 518 236 542 v.
277 504 493 543 eruwr
510 515 720 541 unoecx
750 498 832 552 (l)
868 505 1025 552 repetito
1062 505 1206 555 reperit.
1240 502 1408 552 Superest
1430 530 1441 548 ‚
1468 512 1529 549 ut,
1562 516 1608 542 ex
1638 505 1823 554 probabili

199 564 304 602 valde
338 562 528 611 analogia,
565 564 602 601 &
635 565 673 600 in
709 561 851 619 magn‘ff
885 563 921 600 &
960 564 998 600 in
1023 565 1141 613 parvis
1171 563 1385 600 animalibus
1415 565 1524 602 etiam
1560 564 1627 603 alia
1653 565 1821 609 vascula.

199 620 569 674 ipsaque'excretorii
595 622 641 660 de
662 623 789 661 arteria
811 622 919 660 rubra
945 622 1124 660 nascentis
1145 621 1277 661 canalis
1295 622 1424 660 ostiola
1448 635 1554 672 aeque
1581 636 1713 674 magna
1737 623 1816 664 fint.

286 681 482 731 Ingeniosa
505 682 587 720 haec
609 680 796 720 excusatio
821 683 1027 720 accuratius
1047 682 1255 720 meditantis
1278 683 1439 719 animum
1472 695 1549 722 non
1567 685 1711 733 penitus
1730 696 1817 722 con-

199 742 325 780 firmat.
370 741 414 779 Et
444 743 567 791 primo
597 743 642 780 ab
671 742 888 780 evolutione
912 742 1066 789 repetita
1095 740 1228 780 solutio
1259 741 1499 790 problematis
1526 754 1603 781 non
1630 744 1748 792 potest
1775 745 1820 783 ad
1862 747 1865 749 ’

198 802 364 840 animalia
388 803 533 839 minora
561 801 760 846 transferri,
791 813 876 852 quae
901 800 1023 840 adulta
1050 801 1086 839 ὃς
1122 801 1275 851 perfecta
1306 800 1399 845 fiat,
1436 803 1472 838 &
1505 814 1666 852 quorum
1687 803 1821 842 viscera

196 861 334 900 nullam
351 873 464 913 porro
489 861 743 913 ev9luti0nem
774 861 993 910 exspeelant.
1057 859 1226 903 Deinde,
1252 872 1337 898 cum
1367 860 1441 898 vasa
1462 862 1622 912 hepatis,
1650 863 1685 900 ὃς
1711 862 1821 901 visce-

195 926 244 959 ris
273 920 522 970 cujuscunque
556 920 751 969 sanguinea
772 947 784 966 ,
813 923 988 973 pauciora
1025 920 1176 970 quidem
1214 921 1252 956 in
1288 919 1364 957 fetu
1394 919 1461 958 fint
1479 947 1490 968 ‚
1522 930 1692 960 caeterum
1716 934 1820 973 aeque

193 992 353 1030 magna,
392 980 450 1017 dic
481 991 569 1017 num
595 992 698 1030 aeque
729 980 835 1019 densa
866 979 957 1029 sint,
993 979 1083 1018 num
1115 983 1152 1017 in
1181 979 1284 1023 fetu,
1309 991 1418 1028 quam
1443 978 1489 1018 in
1519 983 1599 1019 viro
1633 981 1818 1020 molliora.

193 1039 313 1090 AEque
343 1038 450 1078 densa
480 1039 631 1089 quidem
666 1051 743 1078 non
765 1040 847 1079 sunt
864 1069 873 1084 ,
901 1052 986 1078 cum
1013 1039 1049 1078 ὃς
1080 1046 1182 1078 totus
1206 1039 1298 1076 fetus
1325 1049 1427 1076 tener
1449 1039 1521 1084 fit,
1547 1041 1582 1078 &
1611 1040 1727 1092 hepar
1749 1054 1820 1080 co-

192 1099 341 1149 agulato
373 1099 539 1147 sanguini
561 1098 675 1138 fimile
707 1100 752 1139 ad
781 1099 914 1139 melum
942 1100 1106 1144 diffluat,
1134 1099 1172 1137 δε
1199 1105 1297 1136 aorta
1315 1098 1409 1136 fetus
1435 1100 1552 1138 multo
1570 1129 1580 1144 ,
1601 1108 1712 1150 quam
1735 1113 1818 1138 aor-

193 1170 228 1197 ta
254 1160 322 1197 viri
353 1159 513 1211 debilior
530 1160 757 1209 reperiatur,
782 1160 818 1198 δε
851 1160 979 1198 eadem
1015 1158 1199 1197 diversitas
1234 1158 1271 1194 in
1302 1158 1474 1196 omnibus
1507 1158 1594 1198 vafis
1632 1159 1774 1208 hepatis
1803 1189 1815 1205 ,

192 1220 343 1268 primae,
369 1218 551 1261 secundae,
587 1221 812 1270 aliarumque
845 1218 1064 1256 divisionum
1084 1223 1257 1256 recurrat.
1292 1216 1394 1254 Pone
1419 1229 1543 1262 nunc,
1573 1218 1647 1256 sola
1676 1218 1815 1258 vascula

193 1276 344 1315 minima
380 1279 415 1315 &
441 1278 632 1315 secretoria
658 1278 753 1316 fetus
789 1290 894 1327 aeque
920 1278 1025 1315 densa
1056 1274 1125 1315 effe
1147 1306 1158 1321 ,
1189 1276 1357 1326 sequetur
1396 1276 1536 1316 infinita
1566 1278 1642 1316 fere
1674 1280 1817 1317 ratione

193 1337 355 1377 densiora
389 1336 499 1382 fore,
532 1349 640 1387 quam
674 1337 755 1375 sunt
792 1335 953 1387 ejusdem
986 1336 1129 1374 visceris
1169 1337 1317 1379 trunci,
1343 1343 1421 1374 tota
1456 1349 1591 1386 nempe
1626 1339 1767 1377 ratione
1803 1368 1814 1383 ,

192 1410 262 1448 qua
293 1397 404 1434 robur
433 1405 543 1434 aortae
574 1398 664 1440 viri,
701 1398 814 1436 robur
840 1405 950 1435 aortae
984 1396 1078 1435 fetus
1108 1396 1258 1446 superat.
1309 1396 1380 1433 Sed
1411 1397 1590 1444 ejusmodi
1624 1396 1723 1436 densi
1744 1411 1816 1436 za-

191 1456 290 1495 mles
311 1468 499 1506 nunquam
534 1468 599 1505 per
624 1455 854 1495 molliffimos
879 1464 1030 1495 truncos
1060 1456 1298 1505 replerentur.
1352 1455 1446 1494 Cum
1473 1458 1570 1494 enim
1605 1458 1641 1495 ὃς
1673 1456 1812 1495 truncis

191 1518 351 1553 minores
382 1515 474 1558 fint,
507 1517 542 1553 Sc
568 1528 639 1553 una
666 1516 878 1567 dilatatione
908 1516 967 1554 sua
998 1515 1217 1553 immensum
1251 1516 1366 1564 magis
1395 1514 1577 1560 resistant,
1604 1516 1813 1568 impellenti

190 1575 295 1614 cordi
317 1576 435 1613 trunci
465 1582 568 1613 tanto
596 1573 753 1620 cedent,
783 1589 892 1626 quam
908 1575 1067 1620 ramuli,
1083 1575 1222 1612 facilius
1248 1604 1258 1619 ,
1286 1581 1424 1625 quanto
1446 1575 1484 1612 hi
1500 1575 1682 1615 denfiores
1703 1574 1811 1621 sunt,

190 1646 325 1682 nempe
350 1642 472 1672 motus
498 1635 617 1673 cordis
644 1647 690 1673 ex
721 1634 971 1686 progr-estivo,
990 1637 1030 1672 in
1054 1635 1239 1674 lateralem
1273 1641 1520 1673 convertetur.
1673 1633 1678 1636 ’

277 1694 416 1732 Contra
439 1706 538 1743 pone
561 1695 701 1733 vascula
734 1695 927 1735 secretoria
946 1696 984 1733 in
1007 1695 1084 1734 fetu
1109 1696 1230 1733 minus
1259 1694 1366 1733 densa
1392 1694 1461 1733 effe
1476 1724 1486 1739 ,
1506 1707 1615 1746 quam
1637 1697 1674 1734 in
1705 1695 1808 1738 viro,

192 1753 246 1790 uti
271 1755 427 1791 omnino
460 1756 579 1791 minus
615 1754 721 1792 densa
749 1755 830 1794 sunt
850 1785 859 1798 ‚
894 1756 931 1793 δι
974 1763 1098 1793 tamen
1143 1754 1263 1793 multo
1291 1756 1455 1803 maJ‘ora,
1496 1762 1598 1793 tanto
1634 1750 1769 1802 nen‘ipe
1795 1780 1808 1798 ,

190 1818 330 1861 quanto
354 1812 407 1850 vir
435 1812 511 1849 fetu
539 1815 657 1860 maior
689 1814 747 1850 est.
811 1813 881 1851 Sed
903 1814 992 1851 fetui
1023 1826 1088 1851 cor
1115 1814 1149 1849 &
1170 1813 1284 1861 majus
1308 1814 1382 1856 est,
1409 1814 1446 1850 δε
1471 1814 1585 1862 magis
1611 1813 1806 1857 irritabile,

188 1869 228 1908 ἅ
257 1870 373 1921 pulsat
401 1871 625 1920 frequentius
651 1872 724 1920 (m
740 1873 771 1919 ).
808 1871 907 1917 Huic
937 1872 1042 1909 cordi
1073 1870 1150 1908 vasa
1183 1873 1333 1918 minima
1373 1883 1476 1922 aeque
1505 1872 1623 1921 ampla
1652 1872 1810 1910 resisten-

190 1931 302 1974 tiam,
329 1942 439 1980 quam
462 1931 501 1967 in
531 1930 660 1969 adulto
683 1933 761 1969 viro
778 1960 788 1976 ,
806 1932 938 1970 millies
971 1932 1152 1968 minorem
1173 1931 1385 1979 obponunt.
1433 1931 1583 1978 Quare,
1606 1943 1692 1972 cum
1718 1936 1810 1971 vires

191 1990 434 2028 distendentes
459 1992 688 2042 potentiores
712 1990 781 2029 fint
800 2020 810 2035 ,
839 1990 1031 2029 resistentia
1051 1991 1174 2028 minor
1203 1991 1342 2035 multo,
1372 1990 1618 2030 dilatabuntur
1642 2005 1682 2032 ea
1713 1995 1807 2032 fetus
1861 2017 1867 2024 ι

191 2045 354 2093 vascula,
394 2061 513 2099 neque
542 2051 706 2088 manebit
738 2063 778 2090 ea
810 2050 1009 2095 diameter,
1036 2062 1116 2100 quae
1142 2050 1180 2087 in
1209 2051 1287 2088 viro
1314 2051 1362 2088 est
1385 2077 1396 2096 ,
1435 2051 1585 2102 vasaque
1615 2051 1807 2093 secretoria

191 2109 303 2152 fetui,
337 2119 445 2158 quam
469 2110 571 2153 viro,
605 2111 741 2158 maj0ra
773 2111 883 2154 fient,
913 2109 1017 2160 quod
1042 2111 1092 2149 est
1113 2115 1242 2149 contra
1258 2110 1490 2161 hypothesin.
1542 2110 1596 2150 Cl.
1619 2114 1718 2152 enlm
1751 2115 1804 2153 vir

191 2168 330 2208 vascula
360 2165 550 2207 secretoria
571 2169 664 2208 fetus
690 2182 800 2221 negat
821 2166 988 2210 crescere.

1664 2259 1803 2300 Verum

236 2383 238 2385 ’
275 2374 335 2411 (l)
356 2374 436 2412 Epist.
456 2374 600 2417 pbjfiot'og.
616 2387 645 2416 p.
670 2381 696 2407 εἰη

276 2416 357 2455 (m)
382 2415 417 2450 L.
439 2416 494 2450 lv.
517 2429 548 2458 p.
572 2428 639 2459 430.
655 2429 720 2457 4332
