1968 2706
285 199 369 240 276
423 187 635 234 LIB.VI.
669 183 1302 235 SECTIII.SANGU1NIS
1337 194 1453 234 PER
1494 193 1793 234 ARTERIAS

370 287 440 326 Sed
465 290 571 326 etiam
604 296 783 337 perpetuo
817 290 936 339 plures
963 291 1146 342 particulsse
1172 291 1214 327 ad
1232 292 1409 328 internam
1430 290 1637 327 arteriarum
1655 288 1879 337 superficiem

284 347 598 389 confricabuntur,
628 359 711 384 cum
728 348 865 386 lumina
883 361 1065 387 ramorum
1082 351 1261 398 perpetim
1278 350 1504 391 decrescant,
1529 358 1637 396 atque
1655 348 1747 384 adeo
1771 348 1882 385 linea-

282 417 365 442 rum
389 435 397 449 ‚
428 408 463 442 in
493 418 579 454 quas
612 406 736 443 lumen
760 409 959 444 maximum
993 409 1168 446 nascentis
1198 410 1288 445 rami
1319 408 1499 449 diviseris,
1525 409 1640 453 major
1660 406 1788 454 utique
1814 418 1880 443 nu-

284 476 402 502 merus
429 466 465 500 in
499 466 650 515 parietes
667 469 799 503 arteriae
818 469 983 504 incurrat.
1035 467 1158 513 Quare
1182 469 1289 504 etiam
1309 469 1344 503 iu
1361 470 1572 505 arteriarum
1594 466 1700 502 ramis
1731 476 1771 501 ea
1799 476 1879 501 om-

284 526 341 559 nia
367 525 588 567 manebunt,
620 536 699 573 quae
732 526 794 563 de.
809 536 941 563 trunco
969 526 1153 570 dixm'ius,
1191 524 1320 575 preffio
1362 538 1495 574 nempe
1534 524 1689 561 lateralis
1717 520 1820 570 (i),
1847 523 1883 559 &

283 582 522 630 globulorum
558 583 601 619 ad
639 596 838 622 concavam
877 586 912 622 Sc
941 586 1115 622 tuborum
1150 584 1406 622 arteriosorum
1440 585 1567 621 taciem
1610 585 1790 626 adtritu&
1821 592 1884 618 eo-

285 641 451 677 rumdem
477 653 560 678 cum
593 642 643 679 sui
667 642 840 680 fimiiibus
871 643 1060 692 confrisftio
1085 670 1096 690 ‚
1127 642 1334 692 conpressio
1354 672 1363 686 ,
1393 644 1563 680 densatio.
1621 643 1680 680 Ne
1717 652 1802 679 vero
1837 644 1885 677 ta-

284 701 352 736 cite
379 703 585 737 arteriarum
610 704 721 744 rami,
749 703 803 739 his
821 714 840 739 a
861 702 970 740 causis
985 729 996 750 ‚
1019 711 1254 750 rumpantur,
1271 704 1364 740 cavit
1393 703 1423 741 C
1440 715 1461 738 R
1478 714 1497 739 E
1513 717 1533 739 A
1547 713 1571 737 T
1586 713 1608 738 0
1623 713 1645 738 R
1662 727 1674 744 ‚
1701 701 1788 738 dum
1809 698 1883 735 for-

284 760 394 795 tiores
418 759 507 796 fecit
540 755 595 806 (le
611 761 626 806 )
641 789 651 803 ,
681 761 862 798 densiores
879 788 890 806 ,
923 774 1013 811 aque
1039 763 1171 810 majori
1199 762 1347 799 demum
1370 763 1512 810 impetu
1542 760 1729 798 violabiles
1746 785 1759 802 ,
1777 769 1885 808 quam

285 818 436 867 quidem
466 821 584 856 trunci
623 820 708 857 sune.
774 820 862 857 Non
889 821 974 858 ideo
1014 829 1075 858 aut
1106 819 1254 869 vigefies
1282 820 1395 858 sexies
1421 817 1502 870 (l)
1537 821 1676 868 impetu
1699 819 1886 856 innitentis

286 876 467 924 sanguinis
492 877 663 915 fortiores
697 878 765 916 effe
791 880 1009 916 crediderim
1032 906 1042 925 ‚
1075 888 1137 916 aut
1158 893 1176 917 a
1209 880 1312 916 nullo
1344 879 1464 917 cordis
1497 888 1632 916 conatu
1658 877 1883 927 superabiles.

287 935 382 973 Nam
407 938 446 973 in
480 937 707 985 apopledico
735 938 886 975 homine
906 940 925 986 (
942 937 1029 988 m),
1050 940 1085 976 δι
1107 940 1144 975 in
1171 938 1243 975 aiio
1259 967 1268 981 ,
1305 941 1368 988 qui
1398 948 1578 976 vomitum
1617 939 1886 975 medicamento

286 994 352 1031 fibi
383 1002 547 1032 moverat
567 997 584 1041 (
597 996 681 1043 n),
713 995 841 1034 arteria
867 1000 1057 1035 coronaria
1089 1006 1193 1047 rupta
1224 998 1317 1042 fuit,
1342 999 1378 1036 &
1406 1000 1443 1035 in
1478 997 1728 1045 ophthalmica
1762 994 1846 1044 (ο)
1873 1023 1885 1038 ,

288 1065 498 1103 aneurysma
525 1065 571 1091 ex
595 1055 664 1092 risu
689 1066 813 1093 natum
837 1056 995 1095 idoneus
1021 1068 1176 1095 omnmo
1199 1056 1292 1093 testis
1321 1059 1408 1094 vidit
1432 1083 1445 1101 ,
1481 1058 1517 1093 δε
1552 1057 1597 1093 de
1627 1057 1763 1094 arten'iu
1791 1065 1888 1092 cete-

291 1113 345 1149 bri
359 1125 414 1150 res
430 1114 543 1162 vulgo
559 1123 646 1153 nota
659 1116 732 1159 est,
755 1116 873 1165 deque
891 1118 993 1154 variis
1014 1115 1119 1159 vasis,
1141 1127 1220 1164 quae
1237 1127 1256 1152 a
1273 1115 1363 1153 nixu
1389 1125 1618 1165 rumpuntur.

1833 1178 1865 1189 ,ι

764 1264 797 1305 ς.
847 1260 928 1299 ΙΙΙ.
976 1257 1052 1300 Vis
1098 1253 1407 1314 anrstomqfizcm.

391 1403 537 1442 Deinde
559 1404 800 1443 anastomoses
830 1405 1190 1458 contemplabimur,
1224 1418 1374 1455 quarum
1407 1405 1483 1443 aliae
1506 1407 1660 1454 majores
1688 1405 1788 1450 sunt,
1823 1408 1892 1444 mi-

291 1465 399 1501 nimae
428 1463 513 1501 aliae.
567 1463 758 1510 Majorum
789 1477 987 1503 commune
1017 1463 1182 1503 officium
1207 1465 1278 1512 est,
1306 1465 1478 1514 expedire
1507 1464 1688 1513 sanguinis
1716 1474 1860 1502 motum
1878 1494 1887 1508 ,

293 1525 330 1560 δε
360 1523 610 1560 obstructionis
640 1524 800 1572 pericula
825 1527 1006 1566 minuere.
1037 1537 1121 1562 nam
1153 1527 1307 1562 omnino
1338 1524 1418 1561 tolli
1440 1554 1450 1566 ,
1477 1536 1596 1573 neque
1622 1525 1658 1561 in
1690 1523 1891 1573 sanguineis

291 1581 378 1620 vafis
407 1581 687 1619 obstrufflonem
716 1583 845 1620 locum
874 1584 1006 1621 habere
1026 1612 1036 1627 ,
1080 1582 1117 1620 id
1154 1585 1303 1634 quidem
1338 1585 1496 1621 nimium
1533 1583 1582 1620 est
1617 1585 1632 1630 (
1644 1590 1674 1637 p
1694 1584 1711 1630 )
1729 1611 1740 1626 ,
1773 1594 1892 1631 neque

292 1652 378 1678 cum
407 1641 656 1689 phaenomenis
685 1642 898 1679 inflammati
925 1642 1049 1685 oculi,
1092 1645 1128 1680 ἃ
1158 1643 1474 1692 grandescentium
1516 1643 1703 1681 manifesto
1749 1643 1892 1680 arteria-

293 1708 374 1736 rum
397 1700 619 1737 conciliatur.
669 1699 819 1738 Obstrui
847 1701 922 1738 vasa
963 1712 1158 1745 vocatum,
1190 1705 1334 1750 quoties
1363 1701 1611 1751 quodcunque
1645 1704 1685 1738 in
1715 1699 1792 1738 vase
1817 1699 1894 1750 san-

294 1759 431 1806 guineo
458 1758 682 1795 obstaculum
726 1759 906 1807 sanguinis
935 1760 1089 1796 liberum
1122 1772 1186 1808 per
1215 1761 1333 1797 sedem
1361 1755 1583 1797 obffiucstam
1617 1760 1684 1796 iter
1717 1766 1892 1796 moratur.

294 1817 388 1855 Inde
418 1816 601 1865 sequitur,
625 1826 666 1853 ut
693 1817 796 1866 super
820 1818 939 1856 {edem
961 1818 1176 1856 obstrue'ram
1198 1819 1337 1866 sanguis
1359 1831 1375 1855 a
1399 1818 1509 1854 corde
1542 1819 1677 1865 jugiter
1708 1815 1894 1854 submissus

295 1882 542 1924 congregetur
567 1888 575 1912 ε
604 1874 674 1913 five
704 1876 808 1926 quod
836 1876 935 1916 idem
963 1878 1011 1914 est
1030 1906 1040 1923 ‚
1076 1885 1116 1914 ut
1139 1881 1274 1915 arteriae
1305 1877 1489 1915 obstruue
1525 1875 1628 1914 sedes
1666 1875 1770 1914 cordi
1809 1887 1896 1925 pro-

295 1937 379 1987 pior
406 1934 586 1972 dilatetur.
620 1931 676 1973 Ita
701 1937 740 1973 in
771 1935 885 1974 vineta
918 1938 1045 1975 arteria
1074 1935 1236 1977 animalis
1274 1937 1381 1976 calidi
1418 1934 1651 1975 manifestum
1679 1935 1729 1975 est
1760 1929 1893 1987 (q),

1769 2004 1891 2043 neque

379 2063 415 2096 (i
433 2063 446 2098 )
465 2061 479 2099 ]
495 2073 599 2093 onte
622 2065 655 2093 de
678 2070 744 2093 mot.
767 2062 856 2094 mus‘c.

379 2103 446 2138 (k)
466 2105 594 2142 Enquiry
618 2115 645 2143 p.
670 2116 717 2138 92·
742 2111 810 2134 206.
837 2108 892 2135 ἃς.

381 2145 446 2179 (Ι)
475 2144 532 2174 HA
548 2156 565 2173 L
579 2155 593 2174 Ε
610 2156 621 2174 s
644 2156 672 2183 p
692 2152 748 2182 15<
751 2146 824 2175 ,ἀει
848 2146 967 2176 arteria.
990 2144 1069 2176 Nam
1085 2155 1196 2176 venam
1220 2146 1282 2176 fere
1298 2156 1357 2181 400
1379 2147 1406 2175 ἃ
1420 2144 1570 2183 majorem
1591 2142 1772 2185 preffionem
1787 2139 1894 2178 absque

297 2184 440 2224 ruptione
461 2186 526 2224 pati
554 2187 667 2221 docet
694 2197 786 2224 quzm
811 2186 842 2216 iu
862 2188 941 2217 ectr
963 2187 1140 2219 valetudine
1167 2195 1436 2227 pttxtuxp.152-

382 2228 463 2262 (m)
494 2227 560 2264 Eph.
583 2229 653 2257 Nat.
678 2231 744 2258 Cur
766 2228 830 2257 vol.
852 2227 891 2257 V
915 2229 1057 2260 ob1.14=

384 2266 685 2302 (n)V111DE'1'
715 2270 755 2298 du
779 2271 833 2298 hon
853 2269 929 2306 chye
949 2278 1075 2308 p.100.

381 2307 451 2341 (ο)
473 2306 665 2338 Cowpsn
692 2309 729 2338 ad
754 2309 931 2340 Brnnoo
960 2309 1001 2341 Τ
1020 2309 1062 2341 V.
1082 2310 1103 2341 f.
1130 2321 1156 2341 ι.

381 2348 450 2385 (p)
472 2348 732 2379 SREBBEARE
754 2350 875 2387 prac'iice
902 2352 929 2380 P.
954 2349 994 2381 ΙΙ.
1019 2361 1049 2389 p.
1075 2362 1119 2385 4¹-

381 2389 449 2427 (q)
472 2391 575 2422 Second
604 2392 746 2425 Memoire
768 2390 847 2431 Exg.
872 2402 920 2429 47·
949 2397 997 2429 46.
1024 2402 1071 2430 5¹·
1096 2401 1140 2431 52.
1164 2403 1208 2430 53-
1234 2403 1280 2432 57.
1314 2383 1363 2418 De
1386 2386 1590 2422 obstructione
1613 2385 1640 2419 L
1659 2397 1679 2419 0
1694 2396 1743 2420 ιε
1764 2384 1800 2425 vs
1810 2384 1901 2425 s‘Wf

299 2439 331 2466 p.
365 2438 432 2466 247.
