1968 2706
269 143 350 179 302
399 124 504 168 ΜΒ.
530 123 611 169 VI.
648 118 803 168 SECT.
833 124 917 167 ΠΙ.
961 126 1294 167 SANGUINIS
1332 125 1443 164 PER
1488 125 1789 166 ARTERIAS

270 228 359 264 rima
388 224 421 263 se
445 225 672 276 praecipitat,
701 226 785 262 800
808 225 1006 262 minimum
1027 222 1165 273 pedum
1200 223 1270 266 est,
1301 223 1337 259 δε
1364 228 1507 265 tamen,
1532 233 1614 259 cum
1638 221 1705 260 hac
1731 221 1876 261 enormi

273 285 492 335 rapiditate,
522 296 622 333 aquae
658 284 791 321 nivales
822 286 982 334 primum
1016 284 1118 322 suum
1146 283 1191 320 de
1225 281 1366 330 alpibus
1407 281 1567 319 adlatum
1596 281 1706 328 frigus
1738 281 1878 319 conser-

278 352 389 388 vant,
422 344 617 392 multoque
647 343 856 392 vulgaribus
884 344 985 392 aquis
1002 341 1253 380 vehementius
1289 342 1420 389 rigent.
1452 339 1542 377 ·Sed
1573 340 1680 376 <tiam
1710 352 1838 390 aquam
1865 368 1876 383 ,

278 416 386 455 quam
416 401 601 453 prosector
632 403 668 439 in
692 402 771 440 vase
798 403 961 440 animalis
985 401 1160 451 impulit,
1193 401 1343 438 minime
1373 400 1553 450 tepescere
1591 399 1607 445 (
1631 395 1693 446 k)
1727 399 1874 436 constat.

365 463 416 500 Ut
436 462 480 499 ad
506 462 673 499 animalia
699 458 870 499 cominus
903 460 1120 505 accedatur,
1151 470 1354 509 eorumque
1385 459 1557 497 humores
1579 452 1679 508 (l),
1712 466 1879 506 poterant

280 523 467 561 advcriarii
493 521 664 569 objeciffe
690 550 700 565 ,
732 533 807 559 non
837 521 1008 559 omnibus
1033 520 1249 558 animalibus
1266 518 1386 567 frigidi
1403 518 1582 568 sanguinis
1615 515 1735 566 pulsus
1773 516 1880 553 infre-

281 590 432 632 quentes
465 579 557 623 esse,
582 579 759 630 fiquidem
784 590 882 618 ranae
915 584 965 618 68
993 580 1096 622 sunt,
1125 577 1390 617 numerosiores
1418 589 1527 626 quam
1552 589 1649 627 equo
1669 604 1679 619 ,
1708 576 1743 613 δέ
1763 575 1806 613 ad
1826 587 1876 622 95

279 646 389 688 atque
426 653 505 678 100
535 639 640 687 (m)
669 652 734 688 per
759 640 999 677 irritationem
1032 639 1237 677 increscunt
1261 666 1271 680 ‚
1311 649 1391 686 quae
1421 637 1620 686 frequentia
1658 637 1693 671 in
1728 635 1882 672 homine

279 700 417 737 febrem
445 700 542 737 facit.
606 698 738 748 Neque
764 699 982 747 frigidorum
1014 698 1167 748 piscium
1191 697 1364 735 humores
1385 695 1482 734 lente
1519 695 1658 732 moveri
1688 695 1723 740 ὃς
1754 693 1883 730 debili-

280 767 361 803 ter,
385 770 469 796 cum
495 758 562 795 sint
587 758 623 795 in
653 771 693 796 ea
720 756 824 797 classe
854 758 1045 801 animalia,
1076 769 1156 807 quae
1188 756 1373 796 celeritate
1407 755 1464 792 sua
1502 756 1610 792 etiam
1641 751 1882 790 velocissimos

281 830 396 867 equos
426 824 669 867 praevertant,
697 818 893 855 constantia
917 817 1136 855 immensum
1165 815 1346 864 superent.
1409 814 1516 852 Certe
1548 812 1670 861 legisse
1706 824 1764 848 me
1804 823 1883 849 me-

281 878 398 921 mini,
425 889 553 914 canem
582 875 739 924 piscem,
772 872 893 927 quem}
905 876 993 913 socii
1015 875 1156 913 navales
1173 885 1219 913 ex
1249 879 1402 922 accepto
1430 873 1577 912 vulnere
1594 871 1697 909 facile
1721 869 1883 918 adgnos-

279 937 445 981 cebant,
472 935 684 987 quindecim
712 933 838 972 diebus
871 935 1101 985 totidemque
1137 934 1306 971 noctibus
1333 944 1461 970 navem
1483 932 1647 970 secutum
1675 929 1766 973 effe,
1803 941 1884 978 quae

277 995 441 1033 Danicos
465 990 715 1047 mzffionarios
745 995 763 1040 (
784 991 835 1043 n)
864 994 1017 1032 vehebat
1044 1006 1051 1030 :
1081 1005 1168 1031 cum
1186 1005 1227 1030 ea
1252 993 1350 1030 navis
1371 993 1502 1041 quovis
1525 990 1760 1040 nysthemero
1784 987 1881 1025 sexa-

279 1057 379 1103 ginta
410 1055 444 1091 &
478 1055 571 1093 ultra
602 1054 720 1091 leucas
751 1053 910 1091 secundo
945 1060 1057 1091 vento
1092 1052 1304 1090 absolveret.
1370 1049 1451 1098 Ejus
1492 1049 1585 1088 adeo
1610 1049 1772 1086 animalis
1803 1059 1884 1084 cor-

279 1126 346 1163 pus
377 1114 583 1163 hexapedas
610 1113 683 1150 fere
712 1124 880 1151 120000
901 1114 995 1150 intra
1022 1112 1152 1160 viginti
1170 1116 1329 1161 quatuor
1351 1109 1484 1152 horas,
1505 1110 1617 1158 inque
1636 1107 1726 1145 hora
1756 1119 1883 1153 5000,
1921 1124 1923 1126 ·

277 1175 316 1210 in
357 1175 504 1211 minuto
552 1171 714 1210 secundo
743 1182 832 1209 vero
874 1172 976 1221 supra
1015 1171 1098 1209 0810
1133 1169 1243 1220 pedes
1288 1168 1551 1218 percurrebat,
1581 1166 1692 1215 triplo
1730 1166 1764 1203 &
1792 1165 1883 1203 ultra

278 1232 371 1270 adeo
398 1233 549 1270 celerius
576 1231 814 1274 movebatur,
831 1242 938 1280 quam
958 1230 1102 1278 sanguis
1121 1241 1186 1281 per
1212 1229 1377 1266 arteriam
1407 1233 1543 1264 aortam
1575 1224 1736 1263 hominis
1758 1235 1884 1261 move-

278 1298 348 1329 tur.
384 1291 426 1330 Et
454 1297 575 1329 tamen
604 1291 659 1328 his
693 1289 908 1328 animalibus
929 1289 1070 1339 sanguis
1107 1287 1238 1326 eodem
1262 1288 1336 1326 fere
1362 1285 1498 1335 gradu,
1521 1296 1596 1334 quo
1619 1283 1692 1335 ipsa
1709 1294 1799 1331 aqua
1823 1283 1882 1320 fri·

280 1358 351 1400 get.
403 1350 556 1389 Dudum
587 1356 758 1402 praeterea
792 1348 1022 1386 observatum
1059 1349 1108 1385 est
1129 1374 1141 1392 ‚
1170 1349 1278 1385 etiam
1315 1345 1359 1383 ad
1390 1345 1490 1382 hunc
1532 1343 1702 1381 eumdem
1731 1341 1839 1379 finem
1870 1371 1881 1385 ,

281 1408 467 1447 testudinis
488 1422 553 1447 cor
576 1409 692 1447 valide
721 1407 858 1457 pulsare
879 1438 889 1452 ,
915 1408 951 1445 &
973 1407 1254 1446 robustissimum
1282 1404 1415 1442 animal
1448 1411 1570 1441 tamen
1604 1403 1734 1451 frigere
1775 1401 1829 1449 (o
1849 1400 1880 1448 ).

279 1468 324 1506 Et
350 1475 472 1506 tamen
503 1469 539 1506 in
566 1468 722 1518 piscibus
746 1468 870 1506 omnia
905 1466 1034 1506 eadem
1060 1466 1154 1510 effe,
1195 1464 1344 1516 perinde
1371 1463 1533 1501 robustas
1563 1463 1732 1505 arterias,
1754 1459 1884 1497 ssmiles

277 1526 460 1577 sanguinis
488 1527 678 1566 adlifiones
698 1556 707 1571 ‚
734 1528 770 1563 &
794 1539 812 1564 a
847 1527 1041 1576 parietibus
1073 1523 1380 1575 repercuffiones,
1399 1523 1433 1559 &
1456 1522 1610 1559 vortices
1627 1550 1636 1565 ,
1667 1521 1729 1570 qui
1751 1521 1884 1568 globu-

282 1587 404 1626 lorum
448 1589 486 1624 in
514 1587 639 1625 calidis
679 1586 946 1629 admittuntur,
978 1586 1079 1623 nulla
1114 1586 1252 1623 ratione
1295 1595 1312 1620 a
1341 1581 1483 1630 frigidis
1517 1580 1730 1618 animalibus
1758 1579 1884 1616 exclu-

278 1646 324 1684 di.
389 1646 522 1696 Neque
556 1647 764 1684 arteriarum
793 1644 994 1683 salientium
1025 1645 1289 1683 contractiones
1324 1641 1359 1678 8(-
1389 1640 1618 1677 dilatationes
1647 1638 1805 1676 calorem
1835 1639 1885 1673 vi-

280 1706 364 1743 dere
393 1715 567 1754 generare
593 1734 602 1749 ,
637 1717 718 1754 quae
746 1704 958 1742 molliffimae
980 1704 1046 1741 fint
1073 1704 1159 1757 (p)
1200 1704 1236 1740 ἃ
1277 1700 1408 1749 absque
1437 1701 1579 1747 impetu
1610 1697 1698 1735 fiant
1724 1709 1732 1732 ;
1765 1707 1885 1746 neque

282 1765 508 1803 membranas
542 1765 722 1802 continuo
751 1763 935 1800 madentes
960 1764 1004 1800 ab
1033 1761 1215 1810 eJusmodi
1239 1768 1342 1797 motu
1370 1756 1592 1795 incalescere.

368 1823 437 1861 Sed
460 1823 582 1861 frustra
602 1822 760 1864 adduci,
792 1821 946 1870 piscium
971 1822 1185 1869 sanguinem
1212 1826 1272 1857 aut
1300 1819 1488 1866 pauciores
1515 1815 1648 1852 habere
1676 1811 1852 1861 globulos
1870 1841 1882 1856 ‚

282 1889 342 1921 aut
365 1884 522 1920 tenerius
552 1881 824 1921 craffamentum
854 1880 945 1935 (q).
1011 1881 1106 1918 Nam
1137 1878 1326 1917 manifesto
1353 1874 1389 1913 in
1412 1875 1537 1924 frigidi
1553 1873 1733 1921 sanguinis
1755 1868 1884 1909 bestio-

281 1944 323 1980 lis
348 1942 587 1992 globulorum
614 1952 809 1979 numerum
832 1947 974 1978 tantum
1001 1938 1090 1984 ess'e,
1124 1944 1278 1990 quantus
1297 1931 1450 1984 cogitari
1478 1933 1597 1984 potest
1623 1931 1698 1980 (r)
1718 1957 1730 1976 ‚
1751 1932 1785 1968 δε
1813 1931 1887 1968 san-

1733 2001 1884 2038 gumein

367 2115 583 2154 (k)Gon·1·
598 2123 649 2146 ER
673 2117 706 2145 tle
725 2112 837 2153 pe1s1’2ir.
860 2125 884 2145 c.
900 2121 927 2146 8.

361 2160 423 2193 (l)
447 2156 493 2187 Ne
514 2166 570 2196 pro
590 2155 687 2195 priori
709 2156 858 2187 sententia
885 2165 954 2187 cum
979 2154 1027 2186 Cl.
1053 2154 1077 2185 B
1090 2161 1176 2187 Arm
1189 2164 1199 2183 s
1215 2162 1232 2183 c
1245 2161 1266 2184 n
1286 2155 1474 2192 reponatur,
1506 2148 1600 2180 aliam
1622 2149 1657 2180 ab
1678 2155 1758 2187 aqua
1773 2145 1882 2177 humo-

277 2207 344 2230 mm
363 2198 543 2229 animalium
568 2203 708 2227 naturam
731 2195 787 2226 effe
817 2200 850 2228 de
867 2199 951 2228 calor.
972 2199 1059 2227 anim.
1082 2206 1112 2235 p.
1133 2206 1183 2227 ιι.

361 2237 877 2276 (m)Wur·1-·rl.c.p.350.
1178 2240 1194 2255 ⁶
1364 2259 1369 2263 .
1456 2272 1462 2278 ,

364 2283 436 2317 (η)
461 2278 497 2310 In
518 2278 600 2309 iai-iis
620 2279 684 2317 legi
703 2296 712 2311 ,
731 2288 864 2317 quorum
888 2284 938 2316 84.
960 2278 1165 2319 prodierunt,
1195 2275 1245 2308 sed
1270 2275 1361 2308 locus
1397 2273 1526 2306 excidit.

360 2324 430 2358 (ο)
453 2321 548 2352 Phil.d
566 2319 667 2361 Trans.
692 2330 722 2351 n.
746 2329 796 2357 27.
914 2340 944 2366 ο

363 2365 427 2401 (p)
454 2373 482 2400 P·
503 2368 579 2396 ¹99-

357 2406 429 2442 (q)
454 2403 625 2434 Lis-rm
647 2403 681 2432 de
695 2403 836 2435 humorum
863 2411 893 2443 Ρ.
915 2410 987 2441 245.

351 2447 417 2486 (r)
434 2444 470 2476 L.
492 2444 533 2476 V.
556 2456 585 2484 p.
616 2454 660 2482 57.
689 2450 735 2479 58.
