1968 2706
605 148 786 187 morl
844 121 1190 187 ermerus,
1620 156 1699 194 315

98 244 264 283 colorem
285 254 331 279 ex
360 242 447 281 oleo
465 269 476 287 ‚
494 249 554 281 aut
571 241 739 290 sulphure
762 255 827 292 per
857 241 1045 280 lixiviosos
1071 240 1156 280 sales
1178 239 1350 278 diffoluto
1369 240 1464 278 nasci
1484 241 1500 287 (
1517 250 1543 277 x
1563 242 1578 289 )
1603 253 1610 278 :
1642 250 1703 281 aut

87 314 142 369 ff
178 305 248 340 vini
279 304 425 352 spiritu,
453 302 556 353 super
596 302 774 348 ejusmodi
805 301 887 338 sales
916 300 1041 338 adfuso
1079 300 1182 350 (y):
1216 308 1277 338 aut
1312 312 1357 337 ex
1391 299 1520 338 salibus
1547 301 1699 339 uritiofls

94 363 298 400 volatilibus
331 375 414 399 cum
447 360 648 409 sulphureis
675 360 856 407 spiritibus
879 360 1023 407 digestis
1050 360 1101 407 (z
1118 356 1161 407 j,
1195 366 1255 396 aut
1282 371 1327 396 ex
1348 359 1599 399 inflammabili
1627 361 1700 397 ele·

92 430 219 458 mento
255 421 453 458 adtenuato
493 419 596 467 (a).
645 418 832 456 Videbant
853 419 991 468 pallido
1019 420 1054 455 δε
1079 417 1286 457 cacheffico
1313 418 1476 466 sanguini
1496 418 1611 457 serum
1635 432 1699 467 per

91 480 253 529 spiritum
285 491 402 517 cornu
441 480 535 516 cervi
569 478 733 515 adfusum
776 478 948 515 ruborem
980 478 1114 516 restitui
1144 473 1240 525 (b).
1305 476 1488 525 Ejusmodi
1517 490 1606 527 ergo
1637 480 1698 515 ali-

89 551 197 588 quam
221 539 359 577 causam
386 538 527 575 ruboris
551 537 617 575 effe
635 566 644 580 ‚
677 538 712 573 &
744 538 781 573 in
818 537 960 574 alcalini
977 539 1146 589 principii
1171 549 1257 574 cum
1299 535 1495 584 sulphureo
1522 535 1696 585 'conjun-

90 598 209 635 stione
243 599 354 635 latere
379 597 460 634 fere
478 596 782 646 persuadebantur
805 596 859 633 cl.
892 597 978 637 viri,
1008 608 1086 633 non
1116 607 1297 634 memores
1326 620 1337 638 ,
1373 594 1614 634 diverfiffimas
1655 595 1695 632 fi.

87 656 181 693 milis
206 657 439 704 plraenoineui
474 656 591 694 causas
621 654 690 692 effe
723 654 820 703 poss'e
844 685 853 698 ,
885 656 920 691 &
949 656 1022 692 fere
1065 657 1139 702 ejus
1179 657 1254 692 vitii
1287 653 1514 704 complices,
1545 668 1619 704 quo
1647 668 1693 693 ex

87 715 328 763 singularibus
363 717 619 763 pliaenonienis
656 716 761 750 nimis
787 714 854 750 late
887 716 1045 763 patentia
1069 714 1261 752 corollaria
1290 714 1533 751 deducuntur.
1595 715 1692 752 Nam

87 777 195 811 etiam
225 787 270 811 ex
299 776 410 826 acidis:
432 776 620 823 principiis
644 774 756 810 rubor
786 774 952 810 nascitur.
1016 773 1061 809 In
1091 773 1285 821 vegetabili
1312 783 1427 818 regno
1453 775 1498 809 ita
1533 774 1692 824 plerum-

85 845 155 882 que
186 846 270 871 cum
302 835 415 870 rubro
458 831 585 871 colore
617 844 702 870 acor
739 834 998 880 conjungitur,
1028 840 1067 869 ut
1103 831 1240 883 semper
1279 832 1457 878 conjungi
1487 831 1540 869 Cl.
1576 831 1690 870 Lix-

83 904 107 928 N
125 903 222 930 AEUS
256 890 323 941 pro
346 893 428 941 lege
452 892 625 942 posuerit.
676 892 798 929 Acidis
823 891 995 928 fruc'tibus
1030 890 1145 928 solum
1181 891 1370 938 adfulgens
1392 890 1473 926 solis
1505 891 1606 938 jubar
1632 905 1689 929 ru-

84 951 212 988 borem
247 954 446 999 impertit.-
483 951 628 989 Coecus
659 952 882 988 americanus
903 950 947 987 ab
979 949 1184 987 acidissimis
1209 950 1390 998 spiritibus
1417 949 1553 987 solutus
1579 952 1689 988 rubo-

82 1022 157 1047 rem
190 1011 292 1047 suum
327 1011 528 1057 elegantius
572 1011 757 1059 impertit,
784 1010 847 1057 qui
888 1009 931 1045 ab
978 1008 1126 1046 urinofis
1162 1009 1292 1046 salibus
1327 1010 1363 1046 in
1394 1020 1594 1057 purpuram
1624 1011 1688 1047 dc-

82 1070 261 1117 primitur.
319 1069 445 1106 Serum
469 1070 504 1106 &
528 1069 584 1106 lac
609 1081 692 1106 cum
721 1068 831 1104 acidis
870 1067 1050 1115 spiritibus
1090 1068 1321 1112 evidentius,
1360 1080 1470 1118 quan}
1502 1080 1587 1106 cum
1619 1069 1687 1106 sale

79 1127 154 1165 fixo
186 1127 355 1166 lixivioso
380 1128 485 1164 rubet
519 1127 614 1174 (c).
665 1126 753 1164 Non
782 1126 868 1162 ideo
903 1126 1091 1175 quisquam
1125 1127 1235 1164 acido
1274 1128 1457 1174 sanguinis
1499 1127 1685 1165 elemento

78 1187 252 1224 ruborem
287 1188 461 1223 tribuerit.
510 1185 687 1235 Denique
715 1186 939 1234 repetimus,
967 1197 1088 1234 neque
1121 1184 1331 1223 lixiviosum
1365 1182 1451 1234 (d)
1471 1188 1507 1222 in
1526 1187 1594 1225 sale
1611 1178 1685 1225 'sau-

78 1247 229 1293 guinem
263 1245 354 1288 effe,
390 1257 509 1294 neque
538 1246 676 1283 cruoris
707 1243 832 1282 oleum
856 1244 899 1281 ab
926 1255 970 1281 eo
993 1245 1115 1296 spiritu
1147 1245 1248 1282 solvi.

165 1304 290 1342 Unico
320 1305 432 1341 verbo
465 1306 648 1353 tangimus
674 1304 803 1353 nuperi
828 1303 1010 1352 scriptoris
1028 1332 1037 1346 ,
1056 1315 1101 1341 ex
1123 1304 1302 1351 pifiorum
1323 1303 1468 1342 officina
1495 1300 1575 1352 (e)
1599 1317 1684 1353 pro-

80 1362 265 1406 deuntis‚-
285 1363 517 1412 hypothesin.
581 1363 624 1400 In
649 1370 776 1401 centro
799 1363 944 1411 globuli
977 1363 1074 1401 rubri
1105 1363 1228 1401 album
1256 1364 1430 1412 punehim
1459 1362 1527 1401 effe
1559 1365 1683 1402 auetor

77 1422 151 1465 est,
190 1423 291 1472 quod
319 1423 568 1470 permultum
604 1422 724 1460 serum
759 1422 981 1460 translucens
1022 1422 1172 1459 rubrum
1205 1423 1384 1471 adpareat.
1448 1422 1567 1460 Nobis
1602 1425 1683 1476 qui-

75 1480 159 1518 dem
190 1489 402 1530 argenteum
435 1481 616 1530 ejusmodi
642 1482 747 1530 jubar
777 1474 862 1532 (f)
884 1492 961 1518 non
989 1480 1095 1519 semel
1129 1483 1165 1518 in
1191 1482 1355 1519 solitariis
1379 1479 1540 1529 globulis
1567 1481 1680 1519 visum

74 1540 123 1576 est
143 1568 152 1582 ,
181 1547 221 1577 ut
245 1548 408 1578 naturam
439 1541 482 1578 ab
512 1553 557 1577 eo
593 1541 729 1589 pic'tore
764 1540 871 1577 visam
898 1538 966 1576 effe
1004 1552 1081 1577 non
1112 1552 1298 1590 negemus
1349 1538 1488 1577 Verum
1524 1552 1601 1577 non
1633 1554 1678 1580 eo

73 1600 193 1635 minus
220 1606 359 1636 certum
391 1600 462 1642 est,
497 1599 661 1636 medium
693 1599 887 1647 globulum
914 1599 1006 1637 adeo
1035 1611 1112 1637 non
1145 1601 1268 1638 album
1296 1598 1391 1645 effe,
1422 1606 1462 1637 ut
1482 1600 1519 1636 in
1541 1612 1581 1638 ea
1605 1613 1678 1638 ma-

70 1659 141 1706 jori
173 1657 318 1695 craffitie
345 1658 457 1696 rubor
487 1658 664 1698 intenfior
689 1659 827 1698 habitet
861 1657 953 1712 (g).

1058 1715 1126 1757 Rr
1178 1728 1199 1757 2
1412 1721 1444 1762 §—
1478 1713 1673 1757 XVIII.

69 1872 154 1895 ment.
181 1875 208 1903 p.
243 1876 285 1895 10.
314 1865 336 1895 B
348 1876 367 1896 o
381 1876 427 1898 ER
440 1877 459 1897 n
473 1877 493 1896 Α
505 1876 526 1897 Α
538 1877 558 1897 v
570 1875 587 1897 E
624 1868 711 1897 Elem.
739 1868 826 1897 chem.
853 1865 896 1897 T.
935 1867 978 1897 11.
1007 1876 1084 1905 prop.
1112 1879 1160 1901 9¹.
1194 1865 1282 1898 Anu
1297 1877 1321 1898 u
1334 1875 1386 1897 'ru
1398 1877 1419 1897 Η
1433 1878 1451 1897 ο
1469 1877 1493 1898 '1'
1538 1870 1558 1900 l.
1583 1879 1608 1899 c·
1637 1879 1671 1908 p.

70 1917 117 1940 77·
144 1906 172 1936 D
188 1917 422 1938 ooascnoo
438 1918 525 1938 ’ra-1«-
559 1909 593 1937 cle
614 1908 682 1937 lac'le
707 1918 736 1946 p.
768 1907 955 1942 19.KN1G
971 1918 1029 1939 ττι
1056 1910 1165 1939 Vindic.
1188 1917 1218 1946 p.
1244 1912 1290 1938 62.
1314 1908 1448 1940 Kssss
1465 1921 1481 1939 ι.
1505 1910 1524 1941 l.
1557 1921 1582 1942 c.
1612 1921 1669 1950 pro

69 1946 201 1987 simplici
221 1955 334 1978 eventu
359 1948 571 1988 experimenti.

149 1990 222 2025 (x)
243 1989 331 2020 Hof
346 2000 444 2019 max
466 1987 697 2029 Med-fillenias.
718 1989 760 2022 T.
781 1989 857 2027 Lp.
884 1990 1157 2025 95.Krsst1.l.
1185 2001 1209 2021 c.

151 2030 467 2068 (y)l{1-:sstr,l.
492 2041 517 2061 c.

147 2072 219 2107 (z)
239 2071 364 2102 Vander
387 2071 412 2101 B
427 2082 530 2103 next
564 2073 598 2101 de
619 2073 738 2109 princip.
763 2083 792 2110 p.
825 2080 874 2107 64.
889 2073 894 2083 ²
909 2069 1063 2103 Timstura
1085 2071 1263 2105 cochiueuae
1293 2079 1344 2104 aut
1381 2074 1520 2106 rocceuae
1549 2075 1588 2104 ab
1627 2075 1668 2105 al-

69 2110 170 2142 calina
186 2112 273 2142 urina
301 2114 452 2143 exaltatur
478 2113 505 2143 R
519 2123 541 2143 υ
556 2121 580 2142 ἰ’
594 2121 618 2142 '1'
633 2122 654 2142 Υ
666 2111 780 2152 synopfi
804 2124 836 2152 p.
853 2123 923 2151 405·

147 2154 190 2187 (a
205 2155 219 2188 )
252 2152 277 2183 L
290 2164 309 2183 ο
323 2165 343 2184 a
356 2164 373 2183 a
387 2164 407 2184 Y
432 2155 466 2184 de
490 2155 618 2184 aliment.
648 2164 678 2191 p.
704 2161 755 2189 ιη.

145 2194 189 2228 (h
202 2195 215 2229 )
248 2193 269 2223 F
282 2204 300 2222 L
315 2204 334 2223 o
349 2204 369 2224 Y
386 2205 403 2224 t
416 2204 437 2224 R
456 2197 672 2231 praematura!
681 2195 758 2234 state
773 2194 806 2232 of
814 2196 950 2226 humours
970 2206 999 2235 p.
1022 2205 1067 2234 51.

196 2236 210 2270 )
234 2232 379 2265 Pla-rvr
409 2235 495 2274 Epzst.
513 2235 555 2265 11.
577 2246 605 2275 p.
626 2239 672 2272 36.

201 2278 215 2311 )
236 2285 264 2312 p.
284 2279 332 2309 96.
361 2277 414 2305 ἃς.
848 2290 856 2298 =

200 2318 215 2353 )
249 2315 467 2348 Gauwniss
492 2313 556 2356 olff
577 2319 610 2348 de
631 2318 762 2358 phyfique
789 2317 831 2350 T.
857 2318 874 2349 1
908 2319 939 2350 P.
962 2317 1018 2350 ΙΙΙ,
1048 2330 1079 2359 ρ.
1105 2329 1177 2358 409.
1206 2331 1276 2358 ⁴10,

194 2362 209 2435 ζ
230 2359 332 2387 Second
352 2359 491 2389 Memoir.
512 2356 568 2397 sur
589 2360 613 2390 le
637 2370 732 2392 mouv.
757 2362 797 2393 du
810 2358 885 2401 fimg
908 2360 987 2401 Exp.
1015 2371 1060 2399 14.

144 2235 158 2269 (

144 2278 158 2310 (

145 2318 160 2351 (

141 2358 158 2437 ((
236 2397 320 2430 Ibid.
340 2397 422 2438 Exp.
449 2408 495 2435 15.
