1968 2706
270 216 349 251 152
521 183 525 187 ’
713 197 876 242 LIB.
925 199 979 244 V.
1049 203 1439 246 SANGuls

269 300 438 352 sphaerica
458 299 572 349 figura
584 300 840 348 impertiatur
856 307 896 339 ut
913 301 949 338 ἃ
970 300 1111 351 loncrlss‘
1117 313 1174 338 me
1194 313 1259 350 per
1284 313 1403 339 aerem
1419 301 1598 350 ferantur,
1624 305 1660 341 ἃ
1674 305 1871 343 vehemen-

271 360 400 399 tiffime
425 360 568 398 feriant.
628 359 718 397 Non
757 367 937 412 repugnat
967 361 1084 404 adeo,
1129 361 1165 397 δε
1190 362 1296 398 rubra
1335 361 1475 399 vascula
1510 363 1661 400 minima
1697 377 1715 402 a
1756 365 1872 402 rubris

271 420 454 472 sphaerulis
479 419 665 468 potentius
695 419 849 457 distendi
874 448 884 463 ,
915 420 951 456 ἃ
978 421 1134 469 aperiri,
1160 421 1196 457 ἃ
1234 421 1279 458 ad
1305 422 1464 460 minores
1502 420 1701 459 humorum
1737 423 1839 461 series
1859 454 1869 467 ‚

271 492 335 530 per
367 491 427 517 eos
451 478 648 526 globulos,
680 479 919 528 integriorem
951 491 968 516 a
1005 478 1117 517 corde
1150 485 1296 517 motum
1327 480 1480 524 adferri,
1525 493 1606 531 quae
1636 481 1747 519 nostri
1781 484 1871 520 olim

271 539 654 577 PRAECEPTOR1S
693 539 899 587 conjectura
941 537 1011 576 fuit
1047 536 1136 592 (p).
1200 537 1420 577 Frictionem
1452 541 1560 577 etiam
1592 539 1797 588 asphaerica
1833 541 1872 578 fi-

270 611 360 646 ¹gura
390 596 527 641 minui,
561 603 669 648 atque
699 600 851 646 parietes
884 599 1123 635 minimorum
1150 597 1317 635 vasorum
1341 600 1533 637 minimum
1568 601 1643 650 pati
1675 600 1867 643 adtritum,

271 658 384 705 vulgo
411 663 540 694 notum
563 657 612 693 est
630 686 639 700 ,
667 667 750 693 cum
774 658 878 705 globi
915 659 1026 694 unico
1059 657 1193 705 puncto
1226 658 1400 705 parietem
1425 659 1503 694 cavi
1530 657 1615 695 vasis
1642 661 1869 707 contingant.

270 715 445 767 Denique
459 716 503 753 ad
533 715 654 753 oscula
676 718 820 754 minora
843 715 1026 753 subeunda
1040 716 1113 754 sola
1138 716 1215 753 haec
1232 715 1346 764 figura
1370 715 1544 765 aptiffima
1563 717 1631 761 est,
1651 730 1730 766 quae
1749 718 1872 756 secun-

271 776 359 813 dum
391 786 648 826 quamcunque
678 775 914 814 directionem
944 775 1099 818 feratur,
1128 781 1237 824 atque
1271 774 1397 813 eadem
1436 775 1574 824 semper
1614 776 1786 814 facilitate
1819 777 1873 813 su-

271 835 354 873 beat
379 864 389 878 ,
429 846 512 872 cum
539 835 578 870 in
605 835 707 871 omni
732 835 798 872 alia
824 835 937 883 figura
964 835 1113 882 longior
1134 834 1253 882 aliqua
1288 834 1463 872 diameter
1499 834 1568 878 fit,
1603 847 1682 884 quae
1708 837 1746 872 in
1764 835 1872 873 traus-

271 894 411 932 versum
438 893 510 931 aeta
534 888 671 931 ostium
702 893 765 931 fibi
791 893 1010 946 praecludat,
1039 892 1103 930 nifi
1136 893 1256 929 multo
1288 892 1393 929 latius
1427 892 1535 930 fuerit
1567 892 1666 947 (q).

392 951 564 994 Ferrum,
602 953 703 1002 qnod
733 955 770 990 in
801 953 961 1001 globulis
989 951 1039 988 est
1063 947 1180 1002 (r),
1203 962 1281 988 non
1308 951 1420 989 dubie
1447 951 1658 990 densitatem
1691 952 1772 1001 ipfis
1798 965 1872 990 ma-

267 1013 384 1060 jorem
418 1011 601 1049 conciliat.
666 1010 734 1048 Etfi
755 1014 853 1049 enim
878 1013 953 1059 ejus
971 1008 1106 1059 exigua
1131 1011 1174 1048 ad
1195 1017 1316 1048 totum
1342 1010 1554 1058 sanguinem
1582 1013 1704 1060 portio
1724 1011 1772 1048 est
1792 1012 1867 1059 (s),

269 1071 313 1108 ad
347 1071 522 1119 globulos
559 1076 705 1114 tamen,
737 1073 800 1121 qui
831 1071 1012 1119 sanguinis
1043 1071 1226 1107 minorem
1266 1076 1409 1118 partem
1449 1068 1637 1113 efficiunt,
1671 1072 1786 1116 major
1822 1071 1871 1107 eit

265 1133 385 1170 multo
400 1157 413 1174 ,
437 1142 521 1169 cum
534 1141 626 1179 aqua
656 1132 819 1180 quinque
833 1131 988 1167 omnino
1007 1126 1120 1166 sextas
1133 1135 1249 1177 partes
1274 1127 1377 1178 (t),
1398 1140 1478 1176 pars
1494 1139 1583 1166 vero
1603 1129 1759 1176 globosa
1775 1141 1869 1166 nox-

267 1193 355 1231 dum
374 1187 432 1241 (u)
454 1192 631 1238 integram
653 1188 803 1238 quidem
825 1188 960 1226 sextam
983 1187 1166 1236 sanguinis
1185 1192 1322 1236 partem
1344 1185 1493 1231 efficiat,
1523 1187 1701 1237 siquidem
1717 1188 1760 1225 ad
1790 1200 1870 1225 eam

266 1250 535 1291 albuminosum
551 1248 772 1285 elementum
791 1247 987 1296 plurimum
1005 1247 1155 1283 confert.
1182 1245 1330 1284 Ferrum
1343 1253 1464 1284 autem
1486 1247 1520 1283 ὃς
1544 1247 1712 1296 septuplo
1731 1246 1871 1294 sangui}

265 1325 312 1350 ne
340 1311 509 1359 gravius,
544 1307 580 1344 &
606 1315 775 1357 praeterea
795 1307 913 1343 multo
933 1332 945 1350 ,
973 1307 1075 1342 omni
1107 1305 1178 1343 alio
1205 1305 1386 1353 sanguinis
1418 1305 1605 1343 elemento
1628 1335 1638 1349 ,
1668 1305 1791 1343 durius
1817 1306 1871 1342 so-

266 1370 448 1420 lidiusque
474 1369 546 1410 est,
581 1369 617 1405 δε
642 1368 827 1419 propriam
862 1364 923 1401 fibi
948 1363 1155 1403 firmitatem
1186 1376 1270 1401 cum
1305 1364 1421 1401 rubris
1454 1365 1636 1414 sphaerulis
1663 1366 1869 1401 communi-

268 1442 348 1468 care
369 1428 520 1466 videtur.
571 1426 718 1476 Aliquid
745 1426 853 1463 etiam
883 1424 927 1462 ad
957 1424 1114 1461 calorem
1149 1423 1402 1472 generandum
1438 1425 1602 1461 conferre
1622 1453 1631 1468 ,
1679 1422 1868 1472 probabile

264 1489 461 1529 reddetur,
495 1498 581 1524 cum
610 1486 780 1523 omnium
799 1514 808 1529 ,
841 1490 1016 1534 quantum
1047 1485 1136 1520 novi
1162 1494 1384 1531 corporum,
1429 1483 1650 1526 affictione,
1679 1482 1715 1519 &
1733 1483 1778 1520 ab
1799 1483 1868 1520 iau

266 1549 446 1597 repetito,
477 1543 785 1584 vehementiffime
814 1542 1005 1580 incalescat
1030 1568 1041 1587 ,
1077 1542 1268 1591 solumque
1297 1554 1315 1579 a
1344 1542 1477 1579 malleo
1502 1543 1664 1580 candeat.

383 1605 515 1654 Neque
537 1605 582 1641 ad
601 1605 762 1641 calorem
790 1601 881 1640 nihil
901 1601 1043 1639 confert
1067 1602 1190 1639 oleum
1208 1627 1219 1645 ‚
1253 1600 1323 1637 five
1340 1600 1598 1638 inflammabile
1617 1601 1836 1649 principium
1855 1630 1863 1643 ,

267 1664 370 1715 quod
392 1666 430 1700 in
466 1663 625 1712 globulis
652 1662 811 1700 abundat
834 1664 894 1705 (x
911 1661 931 1708 )
950 1691 959 1704 ,
996 1672 1112 1710 neque
1132 1668 1253 1698 tamen
1279 1671 1297 1696 a
1319 1660 1397 1697 sero
1424 1661 1518 1697 abest
1538 1660 1633 1711 (y).
1667 1657 1750 1706 Ejus
1775 1660 1866 1696 mul-

263 1724 379 1773 tiplex
406 1722 539 1759 utilitas
572 1722 645 1764 est,
671 1722 840 1769 princeps
867 1726 985 1758 autem
1007 1748 1016 1763 ,
1056 1726 1231 1767 quantum
1255 1717 1421 1766 intelligo
1452 1720 1594 1757 videtur
1616 1744 1627 1762 ‚
1663 1715 1762 1755 coire
1782 1729 1866 1755 cum

264 1794 356 1832 aqua
377 1807 388 1824 ‚
414 1792 571 1829 cumque
595 1792 634 1818 ea
664 1779 818 1817 animale
839 1779 965 1826 gluten
983 1789 1207 1825 componere
1225 1806 1233 1820 ,
1253 1776 1356 1826 quod
1383 1789 1504 1826 neque
1529 1778 1659 1827 absque
1682 1788 1772 1825 aqua
1787 1776 1867 1814 flui-

265 1844 350 1880 dum
382 1839 457 1877 sati<
483 1841 601 1882 foret,
638 1850 759 1888 neque
784 1838 915 1887 absque
945 1838 1030 1875 oleo
1060 1836 1138 1874 satis
1161 1834 1337 1874 viscidum
1371 1835 1498 1886 (y*),
1527 1843 1587 1875 aut
1615 1837 1659 1874 ad
1682 1835 1867 1872 confertu-

265 1900 435 1938 minanda
463 1906 562 1936 terrae
588 1898 769 1937 elementa
791 1897 869 1935 satis
901 1898 1034 1934 virium
1067 1896 1227 1933 haberet.
1276 1894 1379 1932 Idem
1409 1895 1533 1932 oleum
1564 1895 1724 1933 flexilem
1758 1903 1866 1931 uatu-

264 1972 339 1998 ram
363 1959 460 1996 fi‘oris
483 1960 667 2008 impertit,
698 1968 778 2007 quae
803 1968 850 1995 ex
886 1966 975 1996 tetra
1003 1955 1076 1993 sola
1104 1954 1259 1994 friabiles
1297 1946 1432 1993 fiere'nt.
1483 1954 1654 2004 Denique
1685 1953 1865 2002 plerisque

1704 2011 1868 2050 humori.

344 2115 409 2194 ἴῳ)
432 2116 550 2185 2026?
550 2163 585 2183 ea
605 2152 671 2191 quse
693 2155 730 2185 de
751 2152 914 2186 secretione
936 2161 972 2184 ex
994 2151 1032 2183 Pr
1047 2159 1070 2184 ‘r
1086 2161 1102 2182 c
1117 2160 1259 2184 ARNIO
1285 2149 1432 2209 adferent
1426 2160 1469 2181 ir.
1494 2148 1527 2181 L.
1547 2148 1622 2183 VH.

343 2198 411 2230 (r)
440 2207 459 2234 1
480 2201 550 2264 ΗΒὲ
565 2194 643 2234 sequ.

344 2240 407 2272 (s)
434 2246 530 2275 p.1·.

345 2282 408 2313 (t)
435 2284 529 2318 1-98-
557 2289 605 2316 99·

344 2323 535 2359 (²1)P·47
562 2325 612 2355 48·

343 2362 409 2398 (x)
434 2372 462 2400 p-
484 2371 548 2393 107-

341 2402 460 2482 ἐξὲξ
467 2411 698 2472 ngzuuson
727 2435 807 2479 Effiw
831 2448 867 2468 on
891 2437 1002 2468 animal
1022 2444 1160 2474 ceconomy
1184 2435 1347 2476 T.11.p.
1376 2436 1445 2473 4ιῦ
