1968 2706
206 365 1005 427 ELEMENTORUM
1077 362 1820 425 PHYSIOLOGIAE

588 485 885 531 LIBER
977 456 1420 542 QUINTUS

734 579 1254 629 SANGurs.

725 751 750 789 S
810 750 837 789 Ε
891 751 923 790 C
977 750 1011 788 T
1064 749 1165 790 LO
1271 749 1300 788 Ι.

201 841 278 878 AD
300 834 622 882 SANGUINIS
641 845 1038 892 HISTORIAMJN
1064 842 1819 882 UNIVERSUMCONSIDERATL'

261 932 292 972 §.
327 928 352 965 Ι.
407 928 608 980 Quantum
633 925 835 983 fiznguinis
868 927 908 970 in
938 923 1039 984 vasis
1079 925 1237 969 lncmfflzi
1270 924 1439 981 corporis
1479 926 1739 969 contineatur„

221 1153 480 1195 aze-&Qunam
517 1144 793 1191 universumque
822 1154 955 1191 corpus
986 1141 1164 1186 animale,
1188 1142 1304 1179 vitalis
1334 1143 1469 1179 humor
1495 1145 1685 1188 circumit,
1706 1154 1818 1193 quem

203 1152 295 1262 ῧὲξῖἕ
334 1205 362 1242 1.
404 1193 474 1268 κῗῑῖἷ)ξ
514 1206 549 1240 ir¹
584 1204 755 1245 homine,
788 1201 822 1236 ἃ
850 1201 991 1245 bestiis,
1024 1202 1236 1251 ubicunque
1264 1201 1390 1244 rubet,
1413 1197 1645 1255 sanguinem
1680 1211 1817 1239 veteres

236 1235 466 1311 ἐᾛῂᾶἒ
512 1264 708 1308 dixerunt,
738 1271 910 1299 cruorem
937 1263 1033 1299 enim
1050 1262 1276 1309 peculiariter
1301 1273 1379 1298 eam
1405 1262 1587 1310 sanguinis
1605 1262 1819 1309 portionem

218 1299 456 1374 ιιβῶζὲψᾋ,
510 1322 672 1359 dicemus
693 1348 703 1367 ⁷
731 1333 810 1371 quae
831 1321 1004 1359 ruborem
1036 1319 1098 1357 fibi
1129 1321 1319 1370 proprium
1348 1319 1422 1358 sola
1451 1319 1615 1369 possidet.
1663 1319 1819 1358 Insteio-

200 1388 280 1414 rum
311 1381 464 1422 succos,
491 1382 553 1430 qui
582 1381 670 1430 saepe
698 1381 841 1417 alterius
872 1381 1006 1418 coloris
1030 1380 1134 1423 sunt,
1164 1381 1377 1428 sanguinem
1413 1391 1543 1417 vocare
1572 1390 1650 1416 non
1683 1379 1810 1417 solent.

199 1433 240 1472 In
271 1451 315 1475 eo
344 1451 443 1476 nunc
472 1440 628 1475 humore
657 1440 771 1475 multa
800 1439 881 1473 suut
901 1466 911 1478 ‚
944 1450 1024 1484 quae
1060 1438 1320 1486 physiologum
1352 1439 1594 1488 contemplari
1618 1445 1767 1487 oportet
1800 1451 1812 1476 z

198 1497 364 1543 primum
398 1497 433 1533 ἃ
451 1494 750 1544 fimpliciffimum
781 1493 923 1530 videtur
939 1521 949 1541 ,
982 1502 1020 1531 ut
1042 1496 1279 1544 quantitatem
1294 1524 1305 1538 ,
1321 1504 1361 1534 ut
1384 1499 1484 1533 aiunt
1501 1525 1510 1538 ‚
1531 1497 1601 1535 five
1620 1498 1811 1535 unciarum

199 1565 394 1593 numerum
423 1555 634 1592 definiamus
651 1579 661 1600 3
679 1565 767 1602 quas
784 1553 969 1591 universus
989 1553 1132 1601 sanguis
1154 1554 1301 1602 pendet.
1365 1553 1452 1591 Eam
1475 1555 1573 1591 enim
1601 1553 1716 1592 vitalis
1743 1557 1811 1594 hu-

198 1616 311 1650 moris
353 1615 496 1662 copiam
532 1614 568 1649 Sc
612 1611 656 1649 ad
687 1610 934 1648 definiendum
969 1613 1188 1647 circuituum
1212 1620 1384 1659 tempus,
1417 1613 1454 1648 δε
1476 1612 1520 1649 ad
1544 1613 1810 1651 terminandam

198 1671 377 1720 finguinis
399 1673 635 1721 portionem,
669 1682 778 1719 quam
804 1667 869 1705 fibi
895 1668 1035 1717 fingula
1060 1668 1191 1716 viscera
1221 1669 1393 1711 sumunt,
1439 1671 1475 1706 ὃς
1508 1671 1552 1709 ed
1577 1671 1643 1708 alia
1669 1671 1806 1710 necesse

199 1732 248 1768 est
278 1732 510 1779 cognoscere.
565 1726 607 1767 In
636 1729 850 1766 morborum
881 1727 1029 1765 demum
1056 1730 1244 1766 curatione
1278 1728 1444 1770 videtur,
1477 1731 1708 1767 temerarium
1737 1730 1807 1770 effe

197 1790 408 1833 medicum,
431 1791 494 1839 qui
515 1788 695 1838 sanguinis
721 1799 800 1824 non
825 1798 958 1835 paucas
984 1787 1089 1824 libras
1120 1786 1284 1824 detrahat
1307 1816 1317 1831 ‚
1356 1799 1475 1838 neque
1508 1796 1630 1826 tamen
1661 1790 1808 1828 mensu-'

197 1860 272 1887 ram
297 1855 416 1886 teneat
438 1848 621 1886 necessarii
639 1845 826 1888 humoris,
857 1846 988 1895 absque
1016 1858 1090 1895 quo
1119 1848 1189 1884 vita
1211 1845 1388 1895 superesse
1411 1859 1487 1884 non
1515 1846 1623 1896 poffit
1641 1878 1650 1891 ,
1677 1850 1713 1885 δε
1736 1861 1800 1886 cu-

195 1909 251 1955 jus
282 1906 307 1945 fi
338 1910 514 1957 majorem
536 1908 693 1957 aliquam
723 1905 935 1956 portionem
961 1906 1157 1943 removeris
1182 1935 1191 1949 ,
1231 1905 1352 1942 cordis
1386 1907 1477 1943 vires
1513 1906 1692 1945 labescant
1715 1937 1726 1951 ‚
1765 1908 1802 1945 &-

196 1966 358 2011 animal,
392 1969 499 2005 etiam
523 1967 641 2006 multo
663 1973 805 2004 retento
826 1963 1021 2013 sanguine,
1054 1971 1175 2002 tamen
1199 1971 1323 2014 pereat
1354 1963 1447 2016 (a).

281 2025 353 2063 Sed
377 2038 417 2064 ea
448 2026 598 2076 quidem
622 2026 768 2076 quaestio
793 2035 871 2062 non
896 2024 946 2061 est
970 2023 1148 2062 facillima.
1212 2023 1403 2062 Promtum
1433 2024 1603 2075 equidem
1634 2024 1800 2072 videtur?

197 2083 342 2121 animali
368 2086 453 2122 vivo
481 2087 645 2123 arteriam
666 2084 856 2130 incidere,
887 2083 1008 2121 donec
1041 2082 1165 2119 amisso
1200 2082 1374 2131 sanguine
1406 2085 1557 2122 intereat
1585 2095 1595 2122 :
1627 2094 1687 2122 aut
1722 2087 1799 2123 san-

197 2143 317 2189 guinis
348 2144 493 2194 pondus
516 2156 599 2184 cum
628 2145 740 2181 totius
768 2144 933 2191 corporis
960 2142 1126 2191 pondere
1156 2142 1347 2185 conferre,
1381 2141 1514 2181 deinde
1554 2155 1688 2192 corpus
1724 2147 1799 2182 ani-

198 2201 298 2238 malis
315 2213 398 2239 cum
412 2203 573 2241 humano
592 2214 802 2253 comparare
824 2230 833 2243 ‚
854 2203 889 2238 &
908 2213 977 2250 pro
991 2204 1131 2238 ratione
1150 2201 1359 2249 ponderum
1375 2202 1557 2251 utriusque
1576 2228 1587 2249 ‚
1617 2202 1798 2250 sanguinis

198 2259 237 2294 in
251 2258 409 2298 hominis
432 2261 517 2299 vafis
546 2262 723 2300 circulum
749 2261 918 2298 obeuntis
937 2261 1085 2311 pondus
1099 2260 1277 2300 aestimare.
1297 2258 1404 2299 Hane
1428 2263 1524 2300 viam
1542 2261 1714 2310 ingreffus
1741 2263 1795 2300 Cl.

257 2313 402 2357 Haller
445 2315 656 2376 Plnfiolog.
704 2320 737 2359 T
741 2332 812 2358 om.
852 2319 895 2359 Π,
1344 2322 1375 2358 A
1714 2322 1804 2360 olim.

284 2411 366 2451 ga)
396 2411 430 2445 L.
453 2415 518 2448 IV.
549 2426 578 2454 p.
616 2424 687 2450 490.
