1968 2706
256 193 340 232 272
441 165 834 218 LIB.V1.SEGT.
863 173 1300 216 1I.sANGU1N13
1338 172 1447 217 PER
1486 174 1795 219 ARTEmAS

275 275 536 314 intermittenti
571 274 763 325 proximus
789 274 838 312 est
861 269 957 321 (i),
995 273 1032 309 ὃς
1055 283 1139 309 cum
1161 270 1319 308 subsultu
1337 273 1580 320 conjungitur
1603 271 1620 319 (
1642 269 1711 321 k).
1747 273 1892 313 Iterum

283 337 466 372 vomitum
497 333 695 376 indicabit,
718 331 743 369 fi
768 346 840 371 una
860 333 970 371 durus
991 360 1000 374 ‚
1032 331 1065 368 δι
1086 342 1216 379 parum
1246 331 1430 379 inaequalis
1467 331 1574 368 fuerit
1598 327 1679 380 (l)
1701 345 1708 369 ε
1742 346 1890 372 evacua-

283 396 424 432 tionem
456 404 519 440 per
543 392 708 429 intestina
724 420 734 435 ,
752 391 776 428 s1
799 393 913 440 magis
940 389 1126 439 inaequalis
1143 415 1155 433 ‚
1178 402 1272 438 pene
1302 391 1545 427 intermittens
1567 391 1657 440 saepe
1673 417 1682 435 ‚
1709 392 1743 428 ὃς
1759 392 1891 431 subsul-

281 455 375 491 tibus
397 451 519 489 mistus
541 451 650 489 fuerit
681 452 750 498 (m
767 453 795 500 ).
839 450 960 488 Pulsus
977 448 1264 486 haemorrhoides
1291 449 1501 500 praesagiens
1532 461 1602 487 una
1623 450 1809 496 dicrotus,
1827 454 1891 491 da-

284 525 367 555 rus,
385 511 578 560 frequenS‚
604 513 724 549 minus
751 510 935 560 inaequalis
971 509 1019 546 est
1046 508 1138 556 (n).
1174 507 1312 545 Verum
1331 508 1432 556 plura
1452 516 1614 558 repetere
1627 511 1762 547 omitto
1781 523 1790 556 ;
1807 507 1889 548 cum

287 572 407 609 auctor
436 581 640 619 anonymus
669 570 865 609 SOLANI
891 569 1050 606 aedificio
1082 567 1270 605 manifesto
1300 566 1401 604 suum
1421 596 1430 610 ,
1457 567 1514 605 sed
1540 570 1699 606 ornatius
1740 570 1775 606 δε
1817 582 1890 606 anu

287 632 379 683 plius
414 629 717 678 superstruxerit:
750 632 787 669 id
823 636 944 667 autem
974 627 1153 666 strud'turae
1185 638 1300 675 genus
1328 627 1665 674 experimentorum
1697 629 1889 666 iteratione

285 695 456 738 'oporteat
484 698 543 726 aut
571 690 680 731 stare,
709 699 770 728 aut
799 690 934 732 everti,
960 698 1120 735 quorum
1157 693 1353 735 utrumque
1394 686 1534 733 otium,
1575 687 1611 723 &
1631 689 1887 735 opportunita-

290 757 365 791 tes,
399 748 436 786 ec
460 748 618 786 liberum
646 749 810 797 inprimis
833 763 851 788 a
877 746 1109 797 praejudicata
1141 746 1321 794 opinione
1349 745 1511 783 animum
1533 748 1699 795 polcunt.

1112 888 1834 912 Q

446 979 469 1021 S.
483 992 503 1017 E
519 992 538 1018 c
555 993 578 1018 T
594 993 608 1019 1
622 993 644 1018 0
694 980 786 1020 ΙΙΙ,
836 975 978 1020 Motus
1004 976 1206 1035 sanguinis
1239 986 1314 1033 Per
1356 977 1521 1020 arterias
1561 974 1717 1029 rffeffns.

930 1104 965 1145 g.
995 1099 1024 1137 Ι.
1086 1094 1125 1138 F
1122 1094 1245 1142 rifiz'o,

412 1217 476 1255 Uae
510 1218 707 1268 sequuntur
736 1230 814 1256 non
837 1219 946 1256 unice
973 1217 1123 1256 obscura
1151 1220 1231 1257 sunt
1255 1246 1266 1261 ,
1313 1217 1373 1255 sed
1406 1217 1443 1254 id
1469 1222 1641 1266 praeterea
1665 1217 1798 1255 habent
1828 1219 1886 1256 in-

430 1280 585 1326 gratius,
616 1278 719 1327 quod
744 1279 899 1315 omnino
920 1277 965 1315 ad
995 1289 1122 1315 verum
1141 1279 1308 1316 cominus
1324 1276 1447 1315 accedi
1461 1284 1627 1326 nequeat.
1667 1276 1791 1323 Quare
1804 1289 1885 1327 quae

284 1348 398 1384 pauca
415 1366 425 1380 ,
463 1336 581 1375 hiulca
601 1366 610 1380 ,
640 1349 719 1374 vere
758 1345 879 1373 tamen
914 1338 1062 1385 cognita
1088 1337 1206 1375 habeo
1227 1363 1239 1382 ‚
1269 1336 1385 1373 brevis
1423 1347 1599 1387 propono
1627 1349 1637 1373 ;
1661 1336 1883 1386 hypotheses

282 1397 389 1432 etiam
434 1396 574 1434 brevius
596 1408 642 1433 ex
667 1394 743 1434 aliis
771 1403 984 1433 narraturus.

379 1453 486 1492 Dum
521 1455 663 1503 sanguis
694 1467 757 1507 per
783 1467 914 1504 magna
932 1455 1019 1498 .vasa
1040 1455 1203 1494 celeriter
1230 1454 1392 1499 incedit,
1415 1456 1574 1506 primum
1600 1455 1649 1492 est
1665 1484 1675 1498 ,
1704 1461 1746 1492 ut
1765 1454 1881 1492 frifflo

281 1513 400 1562 aliqua
428 1514 600 1551 nascatur.
634 1514 707 1552 Erit
741 1522 861 1553 autem
890 1527 930 1551 ea
966 1515 1169 1563 multiplex.
1217 1514 1312 1552 Nam
1345 1515 1389 1551 ad
1416 1515 1565 1564 parietes
1601 1514 1752 1564 quidem
1792 1523 1883 1550 arte-

280 1574 412 1610 riarum
441 1573 583 1621 globuli
602 1573 834 1622 impellentur
853 1599 865 1621 ,
891 1573 962 1612 five
992 1575 1127 1612 arteriae
1151 1573 1253 1611 flexae
1282 1574 1439 1616 fuerint,
1459 1573 1529 1610 five
1551 1573 1588 1609 in
1613 1574 1699 1610 coni
1726 1572 1880 1610 modum

279 1631 324 1668 ad
352 1633 535 1671 mInorem
549 1633 763 1670 diametrum
785 1633 1043 1672 contrahantur
1058 1661 1068 1676 ,
1093 1645 1246 1683 utraque
1259 1635 1354 1670 enim
1369 1632 1466 1671 causa
1481 1633 1591 1678 facit,
1606 1633 1656 1673 {ut
1673 1644 1748 1670 non
1773 1630 1880 1680 poffit

279 1702 357 1728 non
385 1691 627 1739 globulorum
653 1704 731 1740 pars
762 1705 894 1741 magna
924 1694 961 1729 in
992 1693 1143 1741 parietes
1174 1692 1264 1729 illidi
1292 1705 1299 1728 :
1330 1694 1365 1729 in
1389 1693 1502 1743 priori
1525 1689 1673 1740 quidem
1705 1688 1878 1738 exemplo

281 1750 306 1785 ii
343 1748 538 1798 inprimiS,
562 1762 653 1799 quos
675 1750 854 1787 fluentum
885 1763 904 1787 e
931 1751 1065 1787 directo
1092 1750 1135 1787 ad
1166 1750 1335 1788 flexionis
1365 1761 1569 1787 convexam
1590 1756 1729 1799 partem
1757 1748 1875 1786 ducit:

276 1810 314 1843 in
348 1807 462 1845 altero
506 1821 554 1846 eae
589 1821 716 1846 omnes
756 1809 1006 1857 imaginabiles
1039 1807 1278 1857 globulorum
1304 1809 1406 1846 series
1431 1810 1466 1845 in
1512 1808 1625 1845 anulo
1657 1814 1837 1845 contentae
1864 1836 1874 1850 ,

280 1867 343 1915 qui
373 1867 583 1905 differentiae
604 1868 785 1905 luminum
811 1869 956 1918 aequalis
982 1868 1038 1905 est.
1100 1867 1264 1906 Demum
1294 1863 1376 1917 ipsae
1400 1867 1637 1916 globulorum
1656 1867 1782 1910 lineae,
1798 1878 1876 1915 quae

280 1929 364 1962 axin
397 1932 544 1970 tenent,
567 1926 762 1965 neceffario
793 1929 832 1964 in
860 1928 1006 1965 calcaria
1037 1927 1261 1976 inpingunt‚
1286 1938 1368 1976 quae
1386 1929 1479 1963 inter
1507 1925 1665 1963 duorum
1690 1937 1876 1962 ramorum

279 1984 493 2022 divisionem
511 2012 525 2029 ,
551 1986 727 2034 angulum
761 1993 895 2024 tenent.
936 1985 984 2024 Ea
1009 1985 1113 2024 illifio
1143 1986 1291 2041 quidem
1327 2016 1336 2030 ,
1367 1986 1499 2035 absque
1523 1986 1661 2033 impetu
1684 1987 1720 2021 in
1748 1984 1874 2021 nostris

281 2044 367 2091 (o)
391 2046 649 2096 experimentis
679 2046 741 2089 fit,
769 2047 807 2083 in
831 2046 952 2084 calidis
975 2053 1096 2084 tamen
1130 2045 1367 2090 animalibus,
1401 2046 1490 2083 &in
1514 2045 1647 2082 arterfis
1677 2044 1873 2091 majoribus

1797 2113 1873 2139 non

349 2386 423 2460 glot»
436 2386 701 2459 &bxigsjsssenz.ficr
720 2422 744 2451 le
766 2428 943 2454 monacnum
961 2422 1087 2464 clufimg
1119 2434 1183 2465 exp,
1205 2428 1251 2463 (9.
1269 2435 1315 2459 70.
1338 2429 1386 2459 xz.
