1968 2706
580 148 754 189 MOTI
800 144 1167 187 EFFECTUS.
1592 156 1675 220 29?

70 262 108 289 re
134 247 395 290 evanescente,
413 257 495 284 cum
522 243 670 284 minima
695 246 786 287 vita,
810 243 945 293 absque
971 242 1071 280 sensu
1100 242 1133 278 &
1162 241 1282 280 calore
1308 239 1416 290 (e),
1435 241 1598 280 brumam
1622 243 1675 280 su-

69 321 223 360 perare,
251 308 475 356 eademque,
504 306 645 343 reddito
669 315 889 353 quacunque
920 303 965 340 de
995 301 1097 340 causa
1123 303 1243 339 cordis
1272 310 1406 347 motu,
1437 302 1673 340 redivivam

69 368 258 407 calescere
307 366 432 404 Mures
457 366 621 402 montani
646 363 765 400 hieme
788 364 961 404 immoti,
985 363 1017 398 &
1034 368 1075 399 ut
1095 373 1254 399 marmor
1272 362 1393 410 frigidi
1417 361 1555 410 degunt
1571 357 1671 410 (e*).

156 426 209 465 Eo
234 427 393 475 denique
428 426 638 473 pertinent,
666 433 749 471 quae
770 429 832 459 aut
858 421 948 458 dicia
977 421 1077 465 sunt,
1110 427 1172 458 aut
1202 428 1301 459 certe
1332 412 1377 459 de
1404 420 1503 459 causa
1530 421 1674 470 frigoris

69 486 238 525 calorisve
270 484 453 534 piscium,
490 483 562 520 dici
592 488 801 534 potuerunt.
868 480 1013 526 Quibus
1049 480 1206 530 piscibus
1242 479 1440 530 pulmones
1468 480 1540 518 dati
1563 481 1671 526 sunt,

68 547 109 583 iis
131 557 194 583 cor
209 555 337 592 ingens
356 536 465 595 (f),
485 542 624 590 sanguis
648 541 847 607 plurimus
858 540 969 594 (g),
991 540 1093 578 calor
1120 541 1227 578 etiam
1252 541 1414 579 humano
1437 542 1553 589 major
1571 536 1668 588 (lt).

70 604 147 651 Qui
169 603 365 653 pulmones
395 614 471 640 non
504 601 665 644 habent,
703 602 741 637 iis
767 586 847 638 c0r⁹
861 612 1043 649 parvum,
1071 599 1188 637 multo
1225 612 1334 650 quam
1361 600 1486 638 avibus
1509 596 1580 649 (i)
1607 602 1674 638 mi-

68 676 135 701 nus
162 663 220 701 est.
287 661 416 711 Nuper
445 672 531 710 repe
536 662 586 703 ri,
620 672 686 698 cor
710 660 850 709 cyprini
879 673 901 705 9
929 671 1127 709 granorum
1144 684 1156 703 ‚
1183 671 1265 697 cum
1287 660 1433 710 pondus
1448 657 1610 698 animalis
1625 660 1676 697 es-

69 722 119 760 set
137 733 250 768 4320
287 747 298 766 ,
331 719 498 770 adeoque
522 731 589 757 cor
615 719 682 757 fuit
711 732 776 750 =
797 741 859 772 μῖσ-
879 722 991 758 totius
1015 720 1210 768 corporis:
1229 731 1313 757 cum
1342 717 1378 755 in
1404 719 1554 758 homine
1582 731 1676 769 pon·

68 786 134 823 dus
159 783 201 821 fit
230 783 357 821 decem
388 784 462 822 fere
492 786 705 826 unciarum,
735 782 881 831 pondus
904 784 1016 820 totius
1057 785 1223 832 corporis
1251 783 1423 821 librarum
1466 794 1567 827 150,
1602 784 1674 822 fise

69 845 258 883 unciarum
295 855 407 890 2400
429 872 438 887 ,
465 843 632 893 adeoque
673 841 817 894 pondus
864 842 984 879 cordis
1014 842 1057 879 ad
1088 842 1234 893 pondus
1271 843 1384 881 totius
1418 844 1580 892 corporis
1622 845 1675 881 uti

76 916 90 940 1
124 903 168 940 ad
198 913 297 949 240.
341 903 412 940 Sed
445 905 553 940 etiam
588 901 744 951 piscibus
771 899 891 950 pulsus
935 901 1054 938 multo
1100 903 1290 950 pauciores
1311 930 1320 944 ‚
1359 901 1541 951 sanguinis
1569 905 1675 952 copia

72 963 203 1010 exigua
218 962 288 1003 est,
320 962 356 998 <Sc
374 963 511 998 arteriae
541 968 650 998 aortae
676 960 872 1002 diameter.
898 961 935 997 in
966 960 1100 998 eodem
1128 960 1224 1008 pisce
1251 962 1433 1011 cyprino,
1467 961 1583 1011 longo
1610 974 1674 1011 pe‘

73 1021 156 1058 deni
178 1045 189 1064 ,
206 1032 279 1056 non
298 1022 416 1068 major
433 1032 456 1067 7
481 1019 685 1057 centesimis
709 1021 823 1057 unciae
850 1047 859 1061 ‚
887 1031 967 1068 qrae
989 1020 1079 1057 ratio
1094 1049 1103 1063 ,
1125 1019 1149 1057 fi
1168 1021 1291 1057 omnia
1312 1021 1449 1071 reliqua
1464 1021 1591 1058 eadem
1609 1033 1676 1071 po-

70 1079 197 1121 sueris,
228 1075 314 1116 facit
338 1079 519 1128 sanguinis
547 1080 759 1128 portionem
787 1079 823 1115 in
849 1078 1028 1125 ejusmodi
1045 1081 1162 1126 pisce,
1182 1079 1226 1116 ad
1248 1079 1459 1129 sanguinem
1490 1081 1528 1117 in
1556 1080 1677 1118 homi-

70 1150 146 1182 ne,
169 1139 223 1175 uti
250 1148 303 1184 72
322 1138 366 1176 ad
401 1148 475 1185 171
499 1167 509 1181 ,
530 1130 657 1176 'cubos
685 1149 772 1175 vero
801 1136 854 1174 uti
893 1144 1061 1184 373248
1091 1138 1136 1175 ad
1169 1150 1363 1183 5000211
1386 1169 1395 1183 ,
1421 1138 1490 1177 five
1511 1141 1564 1178 uti
1592 1153 1604 1177 1
1630 1143 1675 1180 ad

76 1208 139 1242 13.
174 1197 308 1245 Neque
334 1198 445 1245 objici
477 1197 620 1246 potest,
642 1195 761 1234 cordis
785 1198 960 1244 majorem
986 1197 1024 1233 in
1045 1198 1197 1235 cetaceis
1213 1198 1369 1247 piscibus
1393 1199 1531 1237 molem
1548 1229 1558 1243 ,
1579 1210 1677 1240 certe

70 1256 190 1293 media
221 1267 267 1292 ex
296 1263 393 1305 parte
428 1256 474 1294 ad
507 1256 726 1304 pulmonem
760 1258 939 1305 pertinere
967 1282 980 1300 ,
1007 1258 1067 1294 cui
1103 1257 1191 1294 alter
1222 1256 1443 1296 ventriculus
1470 1261 1578 1297 unice
1615 1261 1677 1298 de-

71 1315 217 1352 stinatus
244 1316 294 1353 est
313 1316 329 1362 (
348 1312 411 1362 k).
477 1315 571 1353 Nam
590 1316 625 1352 in
650 1315 744 1364 pisce
767 1315 1026 1366 proculdubio
1048 1328 1149 1366 aequa
1173 1316 1354 1364 sanguinis
1368 1319 1490 1367 portio
1515 1318 1558 1356 ad
1572 1319 1680 1358 bran.

71 1374 169 1411 chias
188 1373 298 1411 fertur
313 1402 322 1416 ,
346 1374 461 1424 qualis
479 1375 516 1411 in
531 1374 651 1411 calido
672 1374 905 1423 quadrupede
926 1375 969 1412 ad
987 1375 1224 1424 pulmonem,
1249 1378 1302 1413 uti
1328 1377 1533 1426 adparebit,
1550 1377 1573 1414 fi
1588 1387 1677 1417 arte.

8 1429 22 1437 ‘
71 1434 137 1470 rias
156 1433 344 1471 branchias
367 1434 558 1472 subeuntes
574 1433 847 1472 mensuraveris.
881 1433 952 1472 Sed
969 1435 1077 1471 etiam
1092 1433 1117 1471 fi
1136 1447 1200 1472 cor
1217 1436 1448 1485 quadrupedi
1464 1433 1572 1475 unice
1589 1451 1676 1489 qua.

72 1491 244 1541 druplum
268 1493 424 1540 posueris
439 1521 448 1537 ,
471 1492 618 1529 habebis
649 1493 687 1530 in
703 1493 939 1544 quadrupede
954 1493 1092 1531 causam
1107 1501 1229 1532 motus
1252 1495 1457 1546 quadruplo
1472 1498 1648 1545 majorem
1663 1529 1674 1544 ,

73 1562 157 1587 cum
172 1550 350 1599 sanguinis
374 1553 478 1601 copia
494 1553 624 1603 pariter
652 1558 734 1596 13es
759 1553 942 1595 uberiori,
961 1564 1084 1602 eaeque
1101 1555 1258 1592 rationes
1282 1556 1318 1592 in
1334 1552 1366 1591 se
1387 1554 1498 1592 duciae
1519 1557 1678 1597 invicem

74 1609 213 1646 dabunt
244 1611 402 1649 calorem
434 1613 470 1648 in
504 1610 738 1660 quadrupede
778 1618 864 1656 524³-ss
897 1613 1105 1660 majorem,
1138 1625 1245 1663 quam
1274 1613 1350 1651 duo
1383 1615 1515 1663 gradus
1557 1616 1637 1656 sunt
1653 1620 1674 1663 ³,

73 1680 166 1717 quos
199 1670 342 1707 interim
369 1673 406 1708 in
436 1670 591 1720 piscibus
619 1670 783 1718 frigidis,
801 1671 963 1714 ranisve,
991 1679 1052 1709 aut
1082 1673 1212 1725 viperis
1243 1668 1321 1721 (l)
1342 1702 1351 1718 ,
1372 1675 1544 1724 ponimus
1563 1689 1676 1726 gene-

73 1730 171 1771 rari,
204 1728 326 1767 medio
357 1732 451 1767 inter
477 1730 622 1778 iniquos
655 1741 827 1767 numeros
855 1729 916 1767 ufi.
977 1730 1028 1768 Ita
1054 1731 1264 1783 adparebst,
1291 1740 1330 1770 ut
1361 1733 1460 1771 calor
1486 1734 1524 1771 in
1555 1736 1677 1776 homi-

75 1798 121 1823 ne
152 1785 258 1836 pcffit
301 1801 380 1836 104
407 1788 586 1837 graduum
622 1787 689 1826 effe
711 1818 720 1831 ,
746 1790 833 1827 dum
865 1790 902 1826 in
935 1789 1031 1838 pisce
1063 1791 1246 1840 graduum
1275 1793 1323 1830 est
1348 1793 1520 1831 duorum.
1580 1797 1678 1836 Nam

75 1847 184 1883 etiam
212 1847 248 1882 in
275 1846 439 1885 humano
464 1859 599 1895 genere
626 1876 635 1890 ,
668 1848 780 1895 frigus
807 1855 1026 1897 perpetuum
1050 1849 1117 1887 fuit
1140 1879 1149 1894 ,
1179 1862 1264 1888 cum
1299 1863 1362 1888 cor
1387 1852 1479 1899 justo
1507 1852 1592 1896 esset
1612 1873 1678 1899 an·

75 1900 208 1953 gustius
241 1905 353 1953 (m).
417 1905 460 1943 Et
484 1905 594 1954 pedes
611 1934 620 1949 ‚
650 1918 774 1955 eaeque
803 1908 969 1955 corporis
995 1914 1111 1956 partes
1131 1938 1141 1953 ,
1170 1920 1251 1959 quae
1279 1909 1426 1949 acorde
1450 1911 1598 1962 longius
1623 1932 1678 1958 re-

900 1964 968 2015 PP
1021 1978 1065 2023 2>
1569 1987 1679 2017 motae

161 2080 229 2116 (e)
259 2080 438 2112 HARvsx
468 2083 523 2111 &c
552 2079 623 2109 xide
648 2091 677 2119 p.
708 2089 777 2117 223.

162 2121 176 2155 (
190 2121 257 2158 e*)
282 2124 386 2159 Journ
422 2123 803 2159 Oeconom.175a.M.ars

159 2162 224 2198 (f)
251 2162 296 2193 L··
308 2162 366 2194 IV
398 2174 427 2202 p
451 2173 522 2203 43¹·

162 2204 231 2241 (g)
260 2203 307 2234 De
331 2205 440 2242 phocis
464 2206 679 2236 MARTENS
712 2204 834 2242 Speiberg
867 2201 954 2243 Reise

159 2245 229 2321 {533
251 2255 290 2316 IL.
299 2253 370 2318 3l‘V.
392 2287 410 2317 l.
439 2296 467 2317 c.

163 2327 230 2362 (k)
258 2338 286 2365 p.
300 2334 370 2364 408.
394 2338 463 2364 409.

165 2367 227 2405 (l)
252 2367 285 2398 L.
307 2369 366 2400 VI.
381 2380 409 2408 p.
433 2379 468 2405 29
472 2393 478 2399 .

160 2410 239 2448 (m)
262 2414 304 2442 Η
295 2411 335 2450 st
362 2412 394 2441 de
415 2400 644 2450 lAcad.1748.
668 2424 699 2454 p.
721 2418 768 2445 61.
802 2412 905 2445 Pulsus
922 2423 985 2449 non
1008 2414 1248 2457 percipiebatur]
