1968 2706
277 141 360 178 292
395 119 1313 170 LlB.VI.sEC‘1'.HI.SANGU1N13
1354 128 1824 183 PERARTERIAS

283 229 395 278 gestas
428 229 506 284 (q)
527 260 536 275 ‚
570 229 792 281 pressasque,
816 231 903 270 loco
935 232 1100 281 inprimss
1129 231 1248 270 clauso
1272 262 1281 277 ‚
1319 230 1408 268 dum
1447 233 1686 280 putrescunt,
1717 237 1878 276 calorem

284 287 537 327 vehementem
558 301 744 338 generare.
807 288 946 329 Verum
976 291 1153 328 nonideo
1182 291 1258 329 hae:
1286 291 1438 327 mutatio
1465 290 1508 328 ad
1528 289 1775 333 alienissimam
1805 298 1880 334 ani-

282 347 431 386 malium
457 357 619 386 naturam
642 349 863 387 traducenda
893 349 953 387 est.
999 349 1093 388 Caro
1119 348 1184 387 assa
1215 361 1299 387 cum
1341 348 1451 387 farina
1483 361 1658 388 avenacea
1700 354 1735 390 δε
1775 354 1881 394 saliva

284 407 442 444 calorem
466 409 636 456 equidem
667 410 776 445 trium
802 407 980 456 graduum
1013 409 1146 445 exsitat
1174 405 1289 460 (r):
1320 407 1378 444 sed
1404 420 1443 445 ea
1475 408 1706 448 fermentatio
1740 412 1813 456 est,
1841 415 1877 451 &

284 466 323 502 in
356 465 501 504 acidum
537 467 665 504 tendit.
727 466 968 505 Fermentatio
995 479 1081 504 vero
1119 468 1154 504 δε
1178 468 1221 504 ab
1259 466 1399 504 urinosa
1439 475 1564 505 natura
1593 471 1708 511 aliena
1737 471 1812 514 est,
1842 473 1878 510 &

285 525 462 569 demum,
490 526 639 574 quando
676 528 856 571 maxima,
906 526 1065 565 calorem
1098 539 1146 573 75
1182 527 1359 574 graduum
1387 536 1566 573 generat,
1599 529 1717 566 multo
1756 530 1879 568 nostro

282 586 464 623 minorem
498 585 588 633 (s).
638 585 776 624 Contra
799 616 808 631 ,
846 598 980 636 corpus
1019 585 1219 623 humanum
1254 588 1465 632 integrum,
1498 586 1635 626 artusve
1663 600 1879 636 gangraeno.

278 644 360 687 sus,
393 645 540 693 quando
572 645 776 693 putrescit,
819 655 908 684 tunc
937 646 1087 695 quidem
1114 646 1228 682 calere
1263 642 1362 681 desiit
1385 672 1395 686 ,
1427 644 1610 694 frigusque
1645 649 1774 696 adtigit
1808 649 1881 685 cir-

278 704 443 750 cumjeffl
474 705 562 741 aeris
589 717 596 741 :
629 706 804 754 quamdiu
827 718 914 743 vero
941 706 1031 742 calet
1055 704 1151 742 idem
1171 733 1180 747 ‚
1206 715 1396 753 nunquam
1427 716 1500 741 una
1534 708 1807 753 computrescit.

374 762 535 807 Iterum,
568 764 660 801 adeo
687 765 786 802 nulla
813 764 948 802 urinosi
978 763 1055 801 salis
1078 764 1113 799 in
1134 763 1256 801 calore
1281 762 1424 800 animali
1451 763 1692 811 producendo
1716 767 1871 814 potestas

280 821 347 864 est,
376 832 417 860 ut
445 835 485 860 ea
508 823 677 861 animalia
700 823 835 872 frigido
865 822 932 861 fint
959 824 1150 871 sanguine,
1189 823 1318 872 quibus
1351 829 1477 859 natura
1503 823 1777 861 manifefflffime
1803 828 1876 863 uri·

280 881 366 919 nosa
389 883 438 920 est
464 883 545 930 (t)
578 911 589 925 ,
607 891 648 920 ut
667 893 764 920 ranae
783 909 794 929 ‚
817 895 969 932 quarum
998 883 1069 919 albi
1109 884 1224 920 acervi
1246 882 1290 919 ad
1313 888 1509 930 utrumque
1532 882 1640 931 spinae
1664 883 1757 920 do'rfi
1784 884 1875 922 latus

277 939 385 991 positi
409 954 494 979 cum
517 953 625 980 acore
660 941 898 980 effervescunt
928 955 935 979 ε
964 939 1193 980 cantharides
1221 941 1284 988 (u
1304 941 1323 987 )
1344 969 1354 982 ‚
1379 952 1457 989 quae
1500 947 1589 979 totae
1628 954 1713 980 cum
1752 943 1877 992 spiritu

278 1003 364 1037 nitri
395 1001 545 1038 fervent.
602 1001 669 1038 His
701 1003 847 1050 potius,
877 1014 988 1050 quam
1013 1001 1120 1038 nobis
1143 1029 1152 1044 ‚
1190 999 1324 1039 urinofi
1355 998 1432 1036 satis
1457 1001 1564 1049 copia
1599 1002 1649 1039 est
1676 1030 1685 1044 ,
1723 1013 1804 1051 quae
1835 1015 1878 1041 o·

278 1060 398 1097 leosos
425 1060 601 1108 globulos
627 1061 809 1109 sanguinis
828 1058 1342 1109 adgrediatur‚'generetque
1370 1060 1539 1096 calorem.
1589 1060 1678 1097 Non
1708 1062 1756 1097 ob
1790 1074 1875 1112 par-

277 1120 423 1156 vitatem
452 1120 559 1157 molis
588 1120 721 1168 frigent
745 1149 754 1163 ‚
778 1121 902 1157 multae
933 1121 1029 1156 enim
1055 1119 1200 1156 ‘aviculae
1216 1147 1225 1160 ‚
1251 1130 1355 1159 rana,
1387 1117 1522 1156 bufone
1538 1147 1548 1162 ‚
1574 1119 1703 1157 hcerta
1719 1132 1874 1166 ‚croco-

278 1178 376 1221 dilo,
400 1177 535 1216 minori
565 1178 646 1216 sunt
674 1179 902 1228 corpusculo.
948 1178 1084 1216 Contra
1117 1191 1156 1214 ea
1183 1177 1348 1215 animalia
1378 1177 1522 1220 calent,
1553 1190 1710 1226 quorum
1739 1178 1873 1217 humo-

276 1249 331 1274 res
352 1238 500 1286 longius
524 1238 567 1275 ab
593 1237 734 1276 urinosa
756 1246 879 1275 natura
910 1238 1038 1275 distant
1063 1237 1079 1283 (
1099 1248 1125 1273 κ
1142 1237 1171 1283 ).
1220 1235 1351 1284 Neque
1385 1236 1596 1286 exemplum
1618 1239 1781 1274 noverixn
1805 1238 1871 1276 hu-

277 1298 417 1341 moris,
447 1299 527 1346 qui,
560 1296 648 1334 dum
683 1304 864 1346 perpetuo
890 1299 926 1334 &
961 1296 1068 1334 celeri
1111 1304 1214 1332 motu
1237 1293 1510 1337 circumfluus,
1545 1308 1614 1333 una
1641 1296 1873 1345 putredinem

276 1357 470 1407 concipiat.
518 1359 630 1405 Aquae
658 1364 769 1394 motae
802 1357 1037 1394 dulcedinem
1065 1356 1223 1401 servant,
1252 1366 1317 1405 per
1348 1352 1508 1404 quietem
1533 1356 1753 1403 putrescunt-
1792 1356 1871 1393 Hu-

274 1427 357 1452 mor
381 1417 426 1452 de
452 1415 528 1453 vase
559 1416 665 1453 unice
695 1416 792 1453 aliud
816 1417 853 1452 in
889 1428 947 1453 vas
979 1414 1196 1456 transfusus,
1226 1415 1354 1451 vitium
1380 1425 1454 1449 non
1485 1415 1649 1462 concipit
1674 1413 1772 1464 (y).
1798 1415 1869 1452 Sed

272 1475 382 1512 etiam
416 1475 527 1511 nostri
560 1475 734 1512 humores
755 1504 764 1518 ,
794 1474 967 1525 quamdiu
995 1479 1189 1512 moventur
1217 1497 1228 1515 ,
1271 1483 1459 1521 nunquam
1486 1472 1725 1521 putrescunt,
1763 1475 1872 1512 etiam

272 1534 310 1570 in
340 1534 518 1571 acerrimo
542 1535 751 1571 animalium
782 1546 942 1583 genere:
966 1534 1100 1577 iidem,
1134 1528 1403 1583 quamprimum
1430 1532 1668 1580 quieverunt,
1699 1541 1739 1570 ut
1768 1544 1869 1583 aquae

273 1593 543 1630 contabescunt.
591 1593 681 1631 Non
714 1606 798 1632 cum
825 1594 1018 1643 putredine
1048 1604 1136 1641 ergo
1153 1620 1163 1635 ,
1194 1591 1253 1628 sed
1281 1602 1362 1628 cum
1388 1590 1508 1629 calore
1534 1589 1713 1639 sanguinis
1737 1621 1747 1635 ,
1787 1604 1868 1630 mo-

271 1659 327 1688 tus
357 1653 510 1689 indiviso
537 1664 635 1689 nexu
667 1655 915 1702 conjungitur.
978 1652 1169 1691 Continuo
1196 1651 1293 1689 enim
1326 1649 1535 1687 ostendetur
1557 1676 1569 1694 ,
1605 1651 1763 1688 calorem
1799 1663 1867 1688 no-

273 1710 384 1747 strum
411 1712 509 1749 aucta
532 1713 568 1748 in
598 1713 752 1748 circuitu
781 1711 962 1761 sanguinis
995 1712 1175 1749 celeritate
1203 1710 1351 1756 augeri,
1383 1709 1500 1744 minui
1528 1708 1725 1752 diminuta,
1751 1709 1865 1747 aufer-

271 1769 301 1805 ri
321 1769 478 1814 sublata,
507 1770 645 1807 reddita
681 1771 825 1807 restitui.
890 1770 1008 1808 Valde
1040 1781 1125 1806 vero
1159 1767 1334 1805 absonum
1368 1766 1537 1810 videtur,
1572 1765 1749 1815 ejusmodi
1784 1781 1867 1806 cau-

269 1828 342 1865 sam
371 1829 481 1865 calori
505 1828 704 1876 adsignare,
734 1842 814 1879 quae
843 1840 1035 1879 nunquam
1057 1830 1094 1865 in
1123 1837 1279 1875 corpore
1304 1826 1467 1863 humano
1491 1825 1650 1864 nascatur
1667 1851 1678 1869 ,
1695 1828 1783 1876 quin
1808 1839 1865 1866 ca-

268 1887 324 1925 lor
349 1887 570 1932 destruatur,
599 1889 635 1926 &
657 1900 736 1939 quae
759 1896 846 1928 tunc
872 1889 1022 1928 demum
1043 1888 1075 1926 se
1107 1886 1270 1930 exserat,
1301 1884 1448 1936 quando
1478 1885 1578 1925 calor
1612 1885 1769 1982 ΓυὸΙειῑιΙιῗ
1802 1887 1862 1924 est.

1766 1957 1863 1983 ewo-

353 2120 423 2159 (q)
446 2121 498 2151 Eo
513 2132 590 2151 ΕΒΗ
605 2133 719 2152 AAvt
740 2124 817 2153 Elem
839 2123 925 2154 chem.
954 2120 992 2152 T.
1015 2119 1051 2150 11.
1080 2130 1107 2158 p.
1128 2124 1194 2152 283.

351 2164 417 2197 (r)
443 2164 638 2193 PnrNcLE
660 2174 687 2201 p.
708 2175 774 2197 400-

348 2203 413 2238 (s)
440 2204 731 2236 BotertnAAvx:
754 2207 773 2235 i.
797 2214 822 2234 c,
843 2213 958 2243 p.2>3.

345 2245 406 2279 (t)
430 2255 457 2282 p
477 2257 522 2278 91.
543 2258 591 2280 92·

347 2286 517 2323 (u)p.81..

347 2330 458 2363 (x)1¹-
480 2337 512 2359 >z
554 2337 600 2360 94-
1063 2364 1068 2368 ,

343 2369 417 2405 (y)
436 2369 556 2398 Homvb.
581 2367 603 2396 P
618 2378 652 2398 rs
667 2377 686 2398 ο
702 2376 748 2397 Νι
769 2369 822 2398 ult.
845 2368 931 2405 antiq.
956 2376 982 2405 p.
1003 2372 1052 2395 61.
