1968 2706
219 163 266 203 53
676 150 812 193 ΜΒ.
855 148 912 193 V.
973 152 1360 195 SANGUIS.5

291 249 486 288 Pauciores
525 248 705 299 equidem
743 250 780 287 in
824 249 965 298 frigidis
998 248 1236 294 animalibus,
1276 262 1382 302 quam
1417 252 1454 288 in
1491 251 1614 292 calidis
1647 253 1830 303 globulos*

213 309 304 354 esse,
347 308 371 346 fi
398 321 483 347 cum
514 309 590 346 sero
622 320 858 358 comparares¹
887 305 960 360 jam
1002 307 1223 347 LEEUWE
1239 323 1300 348 NH
1321 320 1546 348 OECKJUS
1575 314 1697 352 auctor
1729 315 1796 352 fuit
1815 341 1824 358 ‚

213 381 364 418 eamque
399 369 510 418 ipsam
543 368 719 405 rationem
753 368 852 405 dedit
889 355 1061 407 ‘Thomas
1096 369 1394 409 SCHWENKE
1426 365 1551 422 (f),
1586 384 1647 411 cur
1674 374 1824 422 frigidus

213 428 421 467 animalium
468 427 580 464 unico
626 426 737 464 corde
779 427 1019 478 praeditorum
1062 428 1204 477 sanguis
1246 429 1422 467 flavescat.
1458 428 1598 468 Paucos
1634 433 1740 469 etiam
1786 435 1825 470 in

214 488 374 525 cochleis
409 487 547 523 cruoris
579 485 754 534 globulos
787 485 875 529 effe,
928 486 994 524 seri
1027 485 1252 538 plurimum,
1302 487 1561 526 LrsTERus
1602 487 1690 543 (g)
1745 492 1826 528 reli-

215 548 314 596 quit,
352 545 387 581 ἃ
413 545 614 583 accuratior
648 541 882 585 Vincentius
916 545 959 583 M
977 558 1079 584 ENG
1098 558 1149 584 nr
1169 558 1236 584 Nu
1255 557 1272 585 S
1311 542 1399 598 (lt)
1420 576 1430 592 ,
1474 550 1666 598 pauciores
1698 551 1735 586 in
1765 562 1826 586 an-

216 604 327 654 guilla
359 615 468 653 quam
494 606 529 641 in
556 616 667 651 rana,
696 606 734 641 in
761 617 844 642 rana
880 603 1029 642 rariores
1062 618 1172 655 quam
1204 607 1241 642 in
1278 607 1431 644 homine
1463 608 1638 655 globulos
1672 607 1821 659 reperit,

159 662 166 670 ‘
216 675 313 700 raros
338 661 447 700 etiam
477 665 514 700 in
543 663 720 712 piscibus,
754 662 959 713 avibusque.
1009 662 1149 701 Verum
1188 665 1264 703 haec
1302 676 1373 713 ego
1403 667 1527 703 omnia
1562 667 1606 704 ad
1642 667 1825 715 languen-

216 724 309 760 tium
340 721 553 761 animalium
591 723 699 759 nimis
744 720 955 770 frequentes
993 721 1191 761 incisiones
1230 724 1373 766 refero,
1421 724 1553 762 nimis·
1585 732 1727 769 certus,
1786 730 1825 764 in

218 781 368 819 robusto
398 782 558 824 bufone,
596 794 750 831 ranaque
785 782 879 819 bene
908 782 1002 830 pasta
1020 810 1028 825 ‚
1056 782 1091 818 dc
1121 776 1461 820 rubicundiffimum
1493 783 1705 833 sanguinem
1738 784 1825 831 effe,

218 840 322 878 nullo
349 841 488 889 gradu,
528 852 637 890 quam
665 842 701 878 in
727 842 879 878 homine
908 840 1160 889 pallidiorem,
1198 842 1232 878 ἃ
1254 843 1291 878 in
1319 842 1452 879 arteriis
1491 843 1527 879 &
1555 845 1657 881 venis
1692 845 1824 881 micro·

219 899 346 947 scopio
376 899 552 950 oppositis
587 907 728 939 tantum
758 900 999 949 globulorum
1034 911 1230 937 numerum
1262 900 1435 944 moveri,
1471 907 1512 938 ut
1544 901 1708 953 pluribus
1745 914 1826 940 non>

215 957 257 997 fit
285 958 399 997 locus.

488 1083 525 1124 §-
570 1078 660 1119 XV.
719 1070 926 1116 Mollities.
965 1071 1113 1116 Elarer.
1168 1071 1317 1132 Figura
1345 1071 1553 1116 mutabilis.

311 1194 475 1236 Difficile
505 1198 554 1234 est
587 1197 844 1245 experimentis
877 1197 922 1234 de
949 1196 1003 1234 his
1032 1194 1271 1243 globulorum
1309 1197 1503 1234 rubrorum
1551 1195 1698 1234 dotibus
1737 1196 1824 1234 defi.

222 1260 325 1300 nire,
363 1256 528 1305 adeoque
551 1257 585 1293 &
623 1257 660 1292 in
689 1254 897 1292 definiendo
928 1266 1097 1303 magnam
1130 1253 1315 1291 scribentis
1346 1255 1559 1292 modestiam
1596 1254 1663 1292 effe
1710 1267 1822 1305 opor-

221 1324 294 1358 tet,
321 1316 357 1353 &
387 1315 582 1353 dubitantis
610 1314 752 1353 facilem
777 1314 1057 1352 excusationem.
1092 1312 1189 1351 Cum
1216 1320 1290 1350 tota
1321 1314 1487 1363 placenta
1515 1302 1719 1362 sanguinea‘
1737 1327 1825 1352 cum

226 1368 357 1413 elatere
388 1375 509 1412 mollis
550 1373 615 1416 fit,
654 1385 810 1422 cumque
849 1374 1114 1421 pinguedinem
1144 1373 1180 1408 in
1216 1372 1376 1420 globulis
1405 1372 1532 1410 nostris
1560 1372 1630 1410 suo
1657 1373 1743 1410 loco
1781 1374 1823 1410 st-

224 1447 305 1472 mus
335 1433 634 1475 demonstraturi,
667 1444 744 1469 non
778 1444 1006 1481 repugnem,
1037 1431 1211 1478 globulos
1243 1431 1287 1468 de
1315 1430 1460 1482 plastica
1494 1431 1661 1479 gelatinae
1696 1439 1821 1470 natura

222 1493 291 1532 effe
319 1488 415 1542 (i),
443 1500 483 1530 ut
515 1499 637 1529 tamen
666 1491 854 1539 aliquanto
884 1490 1007 1538 figurae
1047 1490 1114 1526 suffe
1147 1490 1348 1527 tenaciores
1383 1488 1451 1526 effe
1486 1490 1694 1532 videantur,
1728 1502 1821 1540 quos

221 1562 437 1600 nunquam,
471 1557 528 1588 tot
558 1552 595 1587 in
637 1549 919 1598 experimentis,
963 1553 1022 1585 a'ut
1066 1547 1234 1596 adpulsos
1266 1548 1310 1585 ad
1343 1550 1497 1600 parietes
1540 1548 1704 1586 vasorum
1741 1550 1823 1587 suo-

219 1623 300 1648 rum
329 1610 524 1658 comprimi
573 1608 800 1657 figuramque
839 1616 1003 1650 mutare,
1045 1613 1105 1644 aut
1149 1605 1325 1645 resumere
1369 1606 1506 1644 laxatos
1541 1608 1714 1650 viderim,
1760 1616 1822 1645 aut

218 1669 368 1707 demum
404 1669 442 1704 in
482 1667 651 1714 angustiis
693 1667 857 1703 vasorum
890 1665 1129 1703 minimorum
1160 1667 1304 1701 mutatis
1343 1664 1523 1701 diametris
1556 1667 1592 1702 in
1623 1665 1820 1715 ellipticam

216 1728 369 1776 figuram
400 1725 594 1771 transtisse,
634 1726 736 1772 cujus
778 1726 926 1772 longior
968 1726 1043 1767 axis
1075 1722 1347 1770 longitudinem
1385 1723 1434 1760 sui
1464 1722 1549 1759 vasis
1584 1723 1816 1772 sequeretur,

215 1786 400 1835 angustior
430 1785 645 1821 diametrum
678 1784 812 1820 canalis
835 1783 885 1821 sui
923 1785 1120 1820 metiretur.
1174 1781 1334 1820 Minime
1363 1783 1525 1830 ignoro,
1562 1794 1670 1830 quam
1700 1784 1817 1827 multi,

213 1855 396 1894 quamque
433 1843 517 1880 clari
561 1844 596 1878 in
640 1843 866 1891 experiendo
913 1844 979 1879 viri
1018 1843 1052 1878 &
1085 1847 1226 1878 mutare
1260 1840 1414 1888 figuram
1444 1841 1626 1884 viderint,
1659 1842 1694 1878 &
1724 1842 1833 1878 refu>-

210 1916 308 1943 mere
342 1901 405 1940 fibi
437 1901 658 1944 conmilsos,
692 1900 810 1950 ipsum
840 1913 975 1951 nempe
1007 1901 1213 1952 principem
1243 1896 1466 1940 Antonium
1497 1911 1525 1938 v.
1555 1895 1819 1937 Lanu-wm-

1640 1968 1817 1996 Hozcu

294 2100 306 2136 (
318 2100 353 2136 f)
375 2109 403 2138 p.
422 2108 486 2132 119.
509 2095 595 2126 Idem
618 2095 783 2131 crumisfiu
797 2094 984 2126 terrestribus
1005 2093 1155 2125 rationem
1180 2099 1267 2125 tauto
1292 2093 1440 2132 majorem
1461 2092 1563 2127 facit„
1580 2099 1612 2124 ut
1635 2093 1815 2133 aquatilium

216 2151 356 2173 cruorem
389 2149 458 2177 25es
481 2139 600 2176 superet
618 2149 648 2177 p.
671 2149 721 2173 79-

295 2182 356 2220 (ς)
383 2184 426 2211 De
445 2180 556 2210 cochleis
577 2189 664 2216 μμ.

294 2222 523 2301 {zl'ljllffilgstilgog
533 2225 632 2291 5vgocat
655 2257 817 2299 Franciflzcs
841 2257 906 2295 QU
919 2269 936 2289 Ε
952 2270 963 2289 s
975 2270 993 2288 N
1006 2270 1024 2289 A
1039 2271 1049 2290 1
1083 2268 1209 2289 ccconom.
1229 2258 1314 2287 anim.
1330 2255 1371 2288 T.
1394 2255 1455 2286 III.
1469 2266 1497 2295 p.
1518 2265 1566 2291 41.
1582 2259 1609 2288 8<
1632 2258 1669 2289 G.
1695 2257 1724 2288 M
1740 2267 1757 2287 Α
1774 2269 1812 2289 R-

210 2317 289 2339 wxu
303 2317 320 2336 E
345 2305 454 2335 Edimb.
479 2299 560 2342 cffizys
582 2302 600 2331 1.
624 2311 649 2332 c.
679 2304 706 2331 dc
726 2300 796 2333 alii,
825 2302 851 2329 ἃ·
877 2300 974 2331 credit
1004 2300 1050 2331 Cl.
1085 2300 1102 2329 S
1118 2312 1133 2330 o
1148 2308 1307 2329 uwzuxr
1322 2308 1338 2327 ε
1353 2318 1360 2332 ,
1387 2296 1468 2335 posse
1498 2297 1648 2343 adunatos
1663 2320 1671 2332 ,
1694 2299 1813 2343 innius>-

211 2359 269 2388 que
295 2348 407 2377 elatere
429 2343 611 2375 resilientes.
642 2343 738 2388 {emm
770 2339 963 2376 interjeenun
997 2342 1157 2376 excludere
1191 2350 1221 2380 p.
1253 2349 1321 2371 110.
1356 2336 1568 2380 Compastlles
1590 2342 1617 2372 ἃ.
1639 2340 1814 2380 ᾗςωᾝωὶω

211 2395 306 2422 vocat
331 2385 426 2418 GAU
440 2397 458 2419 B
472 2396 519 2419 xo
534 2395 546 2415 s
578 2382 751 2416 clarufimus
772 2383 791 2414 1.
817 2392 843 2414 c.
865 2393 894 2422 p.
920 2389 985 2413 161.
