1968 2706
252 185 338 227 273
403 161 806 215 LJB.V1.SEC‘1T.
834 167 923 212 ΠΙ.
966 171 1315 213 SANGUINIS
1357 173 1468 214 PER
1508 138 1816 230 ARTERIAQS

303 270 405 322 quod
432 279 565 308 vocant
588 269 841 306 anastomofin.
877 267 1027 307 Nitetur
1058 280 1147 317 ergo
1181 282 1245 318 per
1275 269 1424 306 liberam
1453 271 1616 307 arteriam
1646 271 1785 320 sanguis
1807 302 1817 316 ,
1841 285 1902 312 ve-

302 334 379 369 niet
396 330 439 368 ad
459 330 577 368 sedern
592 328 806 366 obstructam
825 358 835 372 ,
855 330 890 366 δι
919 329 1077 376 coagulo
1099 328 1200 365 facile
1226 331 1317 366 viam
1340 328 1538 377 expediet,
1562 340 1646 366 cum
1672 331 1709 366 in
1731 331 1900 371 latiorem

304 390 342 428 &
375 391 520 426 inanem
544 387 708 425 canalem
731 389 864 436 absque
884 387 1074 424 r'efistentia
1100 387 1204 424 cedat
1218 416 1227 431 ‚
1247 389 1284 424 &
1307 394 1348 424 ut
1368 387 1505 436 aliquid
1533 388 1670 425 itineris
1686 393 1867 439 peregerit
1886 421 1897 435 ‚

302 447 446 496 singulo
468 445 564 495 quafi
585 445 681 496 paffu
704 446 741 482 in
764 446 931 485 latiorem
948 444 963 496 (
979 441 1053 492 b),
1073 447 1108 483 ἃ
1125 445 1324 484 faciliorem
1353 446 1486 483 arteriae
1511 446 1630 483 sedem
1651 446 1886 498 redeat,quae

304 519 381 545 non
407 508 518 543 invita
540 505 738 557 impaetum
773 506 985 554 grumulum
1020 506 1162 554 recipit.
1210 505 1387 555 Repulsus
1414 512 1532 542 autem
1563 517 1610 542 ex
1647 506 1768 543 obstru
1783 507 1901 547 &ione

304 565 494 615 grumulos
532 566 569 602 δε
609 562 806 604 Antonius
833 577 866 608 v,
900 564 962 602 LE
978 577 996 602 a
1013 577 1037 602 u
1053 576 1090 601 w
1106 576 1240 603 anno
1258 575 1356 602 aei<
1390 558 1472 613 (c)
1504 565 1629 608 vidit,
1668 565 1705 602 δι
1741 565 1768 603 Β
1785 579 1804 603 ε
1821 579 1840 604 E
1859 580 1904 604 R-

304 638 331 662 H
348 637 369 662 Α
390 637 412 662 Α
430 637 448 661 v
466 634 546 662 lus
571 620 661 672 (d)
683 652 692 667 ,
725 625 760 661 ἂ
789 625 863 674 ipse
885 624 1034 661 demum
1058 623 1132 660 vidi
1153 650 1165 667 ,
1205 632 1248 662 ut
1276 623 1360 661 alias
1391 623 1435 660 ab
1477 623 1577 661 aubia
1608 624 1727 662 cordis
1756 622 1793 662 vi
1819 637 1902 664 coa1-

304 685 432 733 gulum
455 683 676 733 diffiparetnr
704 682 787 732 (e)
805 712 815 726 ‚
842 683 925 721 alias
947 683 1102 721 omnino
1131 683 1308 720 oscillatio
1325 710 1334 724 ‚
1368 682 1511 719 mistum
1534 695 1674 733 nempe
1701 695 1787 722 cum
1816 696 1902 723 vero

303 743 485 792 sanguinis
514 744 735 780 contrarium
764 744 831 780 iter
858 771 868 785 ‚
900 754 1023 779 verum
1051 740 1218 790 sanguini
1242 751 1384 779 motum
1409 742 1608 779 restitueret
1630 736 1724 793 (f).

393 802 470 840 Alia
500 801 779 839 anastomolium
809 801 943 838 utilitas
970 801 1043 844 est,
1074 801 1263 838 destructas
1291 807 1352 838 aut
1379 801 1600 838 immeabiles
1625 804 1765 839 arterIas
1794 814 1902 840 com-

304 860 464 911 pensare.
504 863 650 898 Arteriae
678 862 842 910 corporis
860 861 1010 898 humani
1026 861 1153 898 vicina:
1173 861 1329 910 ubique,
1348 858 1412 896 nisi
1430 861 1544 908 paries
1568 861 1709 898 medius
1726 862 1903 899 interces-

306 921 388 957 serit
403 946 414 966 ‚
443 920 692 957 mediocribus
712 920 857 957 ramulis
879 921 971 956 inter
993 919 1025 956 se
1050 921 1351 963 communicant,
1380 925 1420 956 ut
1434 930 1602 967 propago
1626 919 1799 969 superiori
1816 921 1901 958 loco

307 990 355 1016 ex
386 987 518 1016 trunco
543 977 688 1023 emissa,
715 980 753 1015 in
784 979 996 1015 redeuntem
1028 990 1047 1014 e
1073 979 1257 1016 contrario
1284 988 1423 1015 ramum
1462 980 1595 1016 arteriae
1625 986 1687 1016 aut
1716 979 1872 1027 ejusdem
1888 1007 1905 1023 ,v

307 1044 369 1075 aut
398 1039 528 1075 vicinae
546 1038 687 1076 alterius
712 1038 745 1074 se
775 1039 988 1075 continuata
1015 1038 1174 1074 inmittat
1205 1034 1303 1091 (g).
1352 1035 1457 1075 Pone
1485 1048 1586 1074 nunc
1616 1040 1779 1077 arteriam
1798 1040 1900 1088 prin-

308 1098 428 1144 cipem
457 1096 520 1133 sub
539 1108 641 1134 ramo
670 1096 795 1134 emisso
821 1097 1035 1145 conprimi,
1062 1096 1194 1133 destrui
1224 1122 1237 1139 ‚
1272 1101 1333 1133 aut
1361 1095 1524 1144 alioquin
1554 1097 1720 1134 inutilem
1749 1094 1854 1134 reddi
1886 1127 1897 1141 ,

306 1164 525 1193 averteretur
548 1162 645 1193 certe
672 1168 691 1193 a
712 1162 793 1193 toto
819 1156 962 1204 reliquo
994 1161 1072 1192 artu
1094 1154 1254 1192 arteriofi
1277 1154 1459 1202 sanguinis
1486 1153 1647 1193 influxus
1663 1184 1673 1198 ‚
1699 1157 1734 1193 δε
1767 1158 1902 1204 periret

304 1214 497 1252 fideratum
523 1242 532 1257 ‚
567 1214 744 1264 quidquid
775 1215 865 1251 ultra
887 1213 1008 1250 sedem
1036 1213 1206 1251 violatam
1239 1213 1313 1260 est,
1348 1211 1411 1249 nifi
1439 1211 1602 1250 benefica
1624 1215 1675 1250 vis
1699 1215 1902 1253 anastomo-

304 1271 396 1310 fium
425 1273 673 1310 intercederet.
719 1273 866 1321 Nempe
899 1284 982 1310 cum
1011 1273 1100 1309 rami
1134 1271 1291 1310 arteriofi
1318 1300 1327 1315 ,
1354 1271 1458 1320 super
1487 1269 1675 1309 vinculum
1696 1285 1743 1310 ex
1774 1277 1902 1312 arteria

305 1333 402 1374 nati,
433 1332 516 1380 plus
547 1331 727 1380 sanguinis
756 1333 968 1380 accipiant,
1000 1331 1036 1367 ἃ
1069 1330 1264 1368 dilatentur
1297 1325 1385 1378 (h)
1413 1359 1423 1372 ‚
1455 1329 1496 1367 fit
1531 1330 1656 1368 sensim
1685 1361 1694 1375 ,
1736 1339 1779 1370 ut
1808 1331 1903 1370 aucti

305 1391 484 1427 diametro
503 1390 542 1427 hi
565 1392 682 1434 rami,
709 1402 806 1428 nunc
842 1402 912 1438 pro
939 1397 1071 1427 trunco
1100 1388 1184 1432 fint,
1210 1390 1245 1426 ἃ
1268 1389 1381 1426 vitalis
1397 1389 1561 1426 humoris
1587 1398 1835 1429 commeatum
1855 1392 1906 1428 ad²

304 1447 524 1486 ulteriorem
542 1456 658 1486 artum
683 1451 927 1492 continuent,
953 1449 1231 1498 periculumque
1259 1446 1418 1500 sphaceli
1436 1454 1603 1485 avertant.
1643 1448 1694 1486 Inr
1712 1450 1901 1487 brachiali-

302 1508 368 1544 bus
383 1509 516 1545 arteriis
543 1509 752 1557 exemplum
771 1507 994 1546 notiffimum
1017 1508 1077 1545 est.
1106 1506 1150 1543 In
1172 1515 1301 1545 trunco
1317 1518 1450 1556 nempe
1469 1506 1694 1551 humerario,
1715 1520 1784 1558 qua
1799 1518 1900 1558 parte

300 1578 399 1603 venae
413 1567 587 1605 medianae
604 1557 759 1615 subjacet
775 1596 784 1610 ‚
801 1570 837 1605 in
855 1579 954 1605 venae
969 1567 1121 1604 sectione
1136 1592 1146 1608 ‚
1160 1565 1395 1614 vulgatiffima
1412 1572 1530 1613 certe,
1550 1567 1584 1602 &
1605 1574 1724 1604 tamen
1738 1565 1896 1617 difficili,

301 1626 606 1663 administratione
641 1627 842 1676 frequentia
865 1626 1108 1674 aneurysmata
1129 1624 1245 1668 fiunt,
1271 1633 1312 1662 ut
1348 1625 1537 1673 chirurgus
1558 1625 1703 1662 incisam
1735 1627 1900 1663 arteriam

299 1685 435 1720 vincire
460 1712 471 1727 ,
501 1686 537 1721 ὃς
565 1684 714 1722 demum
742 1688 910 1734 utrinque
939 1685 1017 1721 lino
1043 1687 1278 1734 interceptam
1299 1683 1470 1721 excidere
1495 1692 1662 1730 cogatur.
1703 1685 1778 1727 Ita,
1814 1696 1899 1721 cum

301 1742 434 1779 ulnaris
450 1744 572 1779 arteria
590 1771 599 1785 ‚
625 1744 660 1779 ἃ
679 1743 820 1780 radialis
837 1772 846 1786 ‚
868 1744 901 1780 &
923 1742 1112 1780 interoffea
1126 1768 1138 1786 ,
1162 1742 1344 1790 sanguinis
1359 1750 1566 1778 commeatu
1584 1744 1771 1792 priventur
1784 1771 1794 1785 ‚
1818 1743 1899 1791 pul-

298 1800 356 1836 sus
388 1801 425 1836 in
456 1812 566 1850 carpo
595 1802 801 1846 evanescit,
826 1803 861 1838 &
888 1799 993 1849 digiti
1016 1801 1151 1849 frigent
1168 1828 1178 1843 ‚
1206 1801 1241 1837 ἀ
1260 1800 1465 1849 periculum
1481 1811 1682 1848 gangraenae
1706 1800 1900 1850 praesentis-

299 1857 430 1896 fimum
457 1861 626 1897 inminet.
688 1856 909 1910 Plerumque
935 1867 1079 1904 tamen.
1109 1860 1199 1898 dum
1228 1858 1310 1897 fotu
1339 1856 1485 1897 interim
1514 1860 1713 1898 aromatico
1740 1860 1904 1911 putredo>

1740 1927 1899 1962 arcetur„

403 2090 444 2124 h)
468 2089 714 2128 speculationem
736 2095 827 2124 habet
854 2093 1049 2126 Anninus
1068 2095 1194 2126 adnotat.
1218 2093 1252 2128 L.
1274 2092 1316 2125 Π.
1346 2101 1377 2124 c,
1394 2103 1432 2123 ιο

403 2132 442 2165 C)
468 2131 564 2163 T.11.
590 2145 673 2173 oper.
695 2146 725 2174 p.
752 2145 819 2172 207.

402 2173 438 2206 i)
464 2174 584 2204 Prcmos
604 2178 689 2208 Med.
717 2176 758 2208 T.
783 2175 811 2206 J..
832 2186 859 2214 p.
883 2181 950 2211 298.

397 2215 438 2247 e)
469 2213 547 2254 EXP·
582 2226 628 2254 93-
662 2216 745 2248 Las
761 2227 884 2247 υννεκ
900 2215 1088 2249 ΗοΕωιΤ.
1108 2215 1300 2257 111.p.111.
1324 2225 1389 2251 117.
1415 2213 1561 2245 Sarrae
1585 2220 1623 2245 tr.
1652 2212 1785 2253 dujcoeur
1806 2211 1892 2244 T.1.

370 2277 431 2330 (f)
452 2297 554 2326 Second
580 2301 668 2330 Mem.
689 2310 717 2337 p.
741 2306 812 2331 236.
831 2308 860 2328 n.
890 2308 913 2328 1.
941 2297 1016 2338 Fxp.
1040 2304 1087 2334 ες,
1115 2309 1164 2337 ⁵3·
1187 2310 1216 2338 p.
1240 2308 1310 2333 229.

369 2334 555 2415 {2235-21717.
575 2349 604 2378 p.
627 2344 671 2375 86.
705 2341 739 2371 lu
759 2339 900 2379 exemplo
929 2337 963 2369 M
978 2350 996 2370 0
1011 2350 1111 2371 trux
1125 2350 1197 2372 ιιι
1223 2342 1257 2371 cie
1286 2337 1448 2380 aneurysm.
1473 2336 1515 2372 T.
1537 2334 1562 2367 Ῑ.
1591 2336 1613 2367 f.
1634 2336 1657 2367 '2-
1684 2335 1726 2370 T.
1747 2336 1790 2367 11.
1815 2336 1836 2365 f.
1862 2342 1889 2372 3·
