1968 2706
539 180 724 233 SECT.
752 185 789 230 I.
851 188 1183 231 HUMORES.
1608 204 1689 219 η..

1608 219 1676 245 2·le

71 303 160 332 cum
193 266 285 330 duni
309 285 434 330 recens*
461 288 536 334 est,
565 289 696 339 sponte
718 287 756 325 in
787 285 959 325 craffioris
987 288 1182 336 axungiae,
1207 286 1279 327 albi
1314 288 1406 335 luti,
1436 289 1683 343 ficcarurnque

75 353 227 391 demum
252 364 328 390 non
358 362 438 389 raro
464 349 641 388 lemarum
672 353 840 387 naturam
866 347 1050 385 abiturum
1083 347 1140 395 (ο
1160 347 1190 395 ).
1236 347 1310 387 Etfi
1337 351 1436 389 enim
1471 352 1518 390 de
1544 353 1681 390 oculo„

75 424 156 451 rum
172 442 181 455 ‚
207 411 371 462 cutisque
394 410 504 453 sebo,
537 410 574 446 &
598 409 796 461 praeputii,
831 406 1150 460 nympharumque
1183 408 1285 447 olido
1319 410 1514 450 linimento
1540 412 1682 462 expeti.

60 479 198 517 >menta
229 484 308 510 non
338 470 480 513 habeo,
511 477 652 507 certum
677 468 726 506 est
750 474 872 506 tamen
889 496 899 511 ‚
928 473 1097 516 cognatae
1117 473 1252 506 naturae
1279 481 1452 510 cerumen
1488 472 1592 526 (p).
1616 470 1680 510 fic-

77 539 200 571 catum
231 531 446 579 deflagrare,
474 527 606 567 deinde
631 527 857 566 zibethicum
876 526 1164 568 odoramentum
1183 528 1366 568 flammam
1386 534 1580 582 concipere
1597 531 1676 586 (q),

79 595 117 631 &
146 594 346 631 castoreum
370 589 460 638 (r.)
477 618 486 633 ,
515 588 617 640 quod
647 587 808 638 pilorum
833 586 987 637 perinde
1014 587 1134 638 specie
1164 587 1209 627 de
1243 589 1312 628 suis
1338 590 1512 630 folliculis
1541 592 1685 645 expres-

82 653 163 691 sum
190 650 326 702 prodit.

166 709 313 749 Deinde
339 720 417 747 non
445 707 650 757 longissime
680 721 700 746 a
721 708 910 748 cerumine
955 707 1038 746 bilis
1074 707 1213 754 distatg
1253 710 1356 757 cujus
1386 710 1538 761 quidem
1567 708 1683 750 multa

81 783 161 820 pars
190 782 304 821 aquea
334 770 409 812 est,
434 775 476 806 ut
505 775 626 807 tamen
650 768 687 805 &
717 768 836 807 abasta
864 780 956 818 aqua
992 767 1072 818 sapa
1101 768 1182 805 bilis
1213 766 1260 819 (s
1278 769 1323 816 ),
1354 769 1627 815 inflammetur,
1645 773 1681 808 &c

81 829 211 868 calculi
246 831 296 878 (t
317 831 335 877 )
372 827 494 866 veficae
519 827 660 871 felleae,
691 839 739 866 ex
780 825 917 877 spissata
950 826 1023 864 bile
1064 829 1150 866 nati.
1212 826 1297 866 Huc
1342 841 1456 878 porro
1506 831 1687 880 sanguinis

80 901 190 927 cruor
229 889 320 938 (u)
345 917 354 932 ,
381 888 456 926 huc
479 887 597 937 ipsum
624 887 680 925 lac
711 888 897 937 pertinet,
923 885 984 925 etss
1003 887 1104 926 mista
1136 888 1175 925 in
1201 887 1289 926 laele
1320 895 1446 928 natura
1474 891 1537 928 est.
1593 891 1689 928 Nam

82 949 166 987 alias
203 949 455 999 experimenta
472 958 551 985 mea
572 947 748 986 enarrabo
764 975 775 991 ,
800 942 933 998 quibus
964 958 1042 985 non
1066 945 1159 985 intra
1181 947 1394 996 glandulam
1423 948 1550 990 duetus
1581 963 1694 988 mam-

81 1021 151 1046 mae
178 1006 356 1047 laetiferos
383 1006 569 1046 substitisse
588 1036 597 1050 ,
643 1007 835 1051 constitit,
863 1005 924 1045 sed
951 1007 990 1043 in
1033 1006 1335 1057 circumpositum
1373 1009 1500 1059 utique
1546 1011 1692 1060 adipem

80 1070 307 1118 propagari,
333 1076 373 1106 ut
400 1066 552 1120 perinde
575 1065 699 1104 oleum
730 1066 940 1109 resumant,
965 1077 1008 1104 ac
1043 1066 1266 1117 lymphatica
1294 1068 1371 1106 vasa
1399 1069 1527 1108 solent.
1572 1069 1693 1108 Dein-

81 1128 129 1165 de
158 1127 239 1166 laffi
270 1126 452 1163 notiffima
481 1138 563 1173 pars
590 1125 786 1172 butyracea
813 1135 897 1160 vere
931 1123 1054 1161 oleosa
1092 1126 1192 1164 inest.
1243 1125 1360 1165 Laetis
1401 1135 1523 1167 autem
1551 1131 1590 1167 in
1627 1129 1696 1166 ho-

82 1188 184 1225 mine
205 1198 284 1224 non
307 1196 402 1223 unus
437 1182 544 1223 locus
584 1181 658 1227 est,
675 1181 861 1232 speciesve
882 1181 1020 1220 eadem.
1085 1183 1187 1222 Nam
1214 1192 1344 1236 praeter
1370 1187 1426 1226 lac
1451 1201 1696 1228 mammarum

83 1245 269 1296 utriusque
297 1245 428 1286 sexus,
455 1240 659 1279 simillimus
686 1240 953 1293 albiffimusque
985 1241 1123 1282 humor
1147 1245 1185 1282 in
1216 1252 1323 1284 utero
1348 1247 1555 1297 reperitur,
1593 1256 1700 1287 tene-

83 1308 206 1355 risque
237 1306 275 1343 in
301 1301 554 1353 virgunculis,
580 1302 689 1340 etiam
714 1301 886 1340 nondum
916 1303 1034 1346 natis,
1069 1315 1218 1343 caveam
1251 1308 1439 1345 tenerrimi
1469 1307 1608 1346 visceris
1641 1319 1699 1345 re-

84 1365 171 1415 plet.
223 1364 296 1404 Sed
320 1365 428 1402 etiam
457 1363 494 1399 in
521 1359 652 1410 thymo
675 1361 836 1401 serosum
865 1361 946 1406 lae,
982 1361 1020 1399 &
1045 1363 1083 1400 in
1109 1364 1277 1413 prostatis
1302 1369 1504 1417 reperitur,
1526 1367 1696 1430 lymphae

85 1424 258 1462 haetenus
283 1423 402 1462 adfine
422 1428 657 1472 utrumque,
679 1421 784 1474 quod
811 1422 850 1459 in
878 1433 922 1460 eo
951 1418 1012 1460 fila
1041 1433 1089 1461 ex
1115 1422 1242 1463 adfuso
1277 1427 1353 1465 vini
1391 1439 1470 1466 mer
1472 1418 1540 1466 aco
1573 1427 1627 1477 spi
1630 1425 1673 1464 ri:
1676 1439 1699 1463 u

91 1483 292 1522 nascantur.

173 1542 307 1582 Obiter
335 1541 422 1580 huic
441 1541 537 1580 claffi
564 1543 754 1581 materiem
777 1540 985 1581 eleetricam
1014 1541 1233 1591 subjecero,
1261 1556 1342 1595 quae
1371 1545 1409 1582 &
1436 1547 1558 1595 igneae
1588 1552 1697 1583 naru-

88 1615 137 1640 rae
159 1603 340 1652 particeps
365 1601 436 1646 fit,
465 1602 502 1639 &
537 1601 693 1651 plurima
722 1602 762 1638 in
796 1602 1014 1652 corporibus
1046 1602 1230 1641 flammam
1260 1605 1438 1644 alentibus
1450 1575 1632 1650 ohabitess
1664 1607 1700 1643 δε

91 1662 138 1698 de
171 1661 385 1700 animalibus
413 1660 528 1700 odora
556 1668 683 1705 exeat,
711 1667 821 1711 atque
848 1661 941 1700 adeo
974 1663 1012 1699 in
1041 1662 1128 1700 oleo
1157 1663 1297 1702 habitet
1319 1694 1331 1709 ,
1359 1666 1419 1703 cui
1448 1665 1607 1705 demum
1636 1665 1704 1703 soli

91 1720 189 1760 odor
212 1719 316 1766 insit,
336 1721 438 1772 isque
461 1721 628 1770 inprimis
657 1720 754 1760 odor
770 1749 781 1766 ,
807 1733 918 1772 quem
944 1720 1130 1760 flammula
1159 1722 1322 1763 elestrica
1349 1724 1497 1774 spargit.

524 1846 562 1886 5.
608 1837 717 1879 VII.
747 1829 963 1880 *Humores
1008 1835 1252 1895 mistellanei.

188 1958 325 1998 Eorum
352 1957 576 2003 humorum}
594 1970 687 2010 quos
714 1959 887 1998 haelenus
904 1958 1098 2002 recensui,
1122 1958 1229 1997 multi
1246 1958 1323 1998 huc
1349 1961 1472 2011 potius
1494 1963 1704 2012 pertinent.

93 2018 178 2058 cum
208 2019 407 2063 sincerum,
438 2018 664 2072 unicumque
689 2019 913 2059 elementum
940 2021 978 2057 in
1001 2029 1129 2057 eorum
1155 2019 1259 2058 nullo
1275 2018 1325 2059 fit.
1390 2020 1539 2060 Deinde
1569 2034 1700 2061 eorum

1596 2085 1702 2122 multi

177 2190 245 2226 (ἃ)
267 2192 314 2224 De
337 2194 358 2222 1·
351 2194 407 2224 cbo
420 2193 581 2227 amiculae,
599 2194 762 2233 umbilici,
784 2195 848 2227 nasi
863 2204 921 2236 ,p.2
917 2194 1020 2228 stium
1046 2195 1179 2236 puniend.
1177 2207 1260 2229 iim
1284 2198 1381 2230 haec
1377 2207 1444 2229 :era
1468 2198 1535 2229 {init
1563 2199 1589 2230 B
1604 2209 1622 2230 o
1638 2209 1656 2230 E
1669 2209 1706 2230 R-

108 2243 202 2264 'AA
208 2243 243 2262 Ε
267 2236 301 2264 cie
317 2234 420 2272 fabric.
439 2237 569 2274 glandul·
592 2247 623 2276 p.
640 2244 668 2273 8.
692 2247 737 2271 11.
756 2247 788 2271 12

180 2275 598 2312 imssossamavsl.
621 2289 648 2310 c.
671 2291 701 2320 p.
725 2286 753 2316 8.

210 2317 251 2349 c)
274 2318 327 2349 we
330 2328 367 2348 ’11.
394 2319 428 2348 de
448 2319 563 2350 l’a.Acd
590 2322 659 2358 Roy.
682 2323 726 2352 11113
756 2323 830 2353 scien
825 2330 874 2351 ’.Ἢ
903 2326 992 2355 1728
1015 2331 1044 2361 p-
1069 2331 1141 2357 409

210 2350 365 2390 1”)λί11.ι
388 2358 703 2402 pourfirvirdl'hist.
725 2365 873 2394 desczzzim.
902 2360 943 2392 T.
970 2360 1027 2395 111.
1056 2362 1087 2393 P.
1109 2361 1135 2392 I.
1164 2372 1193 2401 p.
1218 2373 1286 2399 141.

181 2402 241 2432 (s)
265 2397 357 2430 Cone.
379 2399 608 2432 PRAELECT-
635 2403 788 2438 Bonna,
804 2404 847 2438 T.
863 2400 889 2437 I.
911 2414 942 2444 τι.)
958 2414 1029 2441 441.
1047 2403 1136 2436 &CL
1152 2402 1538 2438 Sanmzminilenu
1552 2405 1689 2437 del’slffl

180 2439 240 2477 (t)
269 2438 397 2481 Opufiul.
421 2443 561 2483 pathetfflog
587 2445 650 2478 obs.
678 2454 725 2486 33.
