1968 2706
266 179 343 217 ³83
444 167 493 210 L.
513 165 592 210 VI.
632 160 816 212 SECT.
844 167 879 211 Ι.
918 170 1262 215 SANGUINrs
1296 170 1407 213 PER
1445 171 1749 215 ARTERIAS

262 275 335 305 tam
364 266 610 306 descendentis
632 268 898 315 directionem,
923 269 1133 319 sanguinem
1160 269 1294 308 sursum
1320 270 1509 313 revehant,
1527 271 1587 308 etfi
1609 284 1690 310 vere
1717 272 1761 310 ad
1786 285 1867 311 acm

260 335 338 365 tum
367 328 541 377 angulum
562 327 606 365 de
632 335 731 366 aorta
757 328 960 367 nascuntur.
1001 328 1148 367 Deinde
1168 331 1204 366 in
1224 331 1308 367 vivo
1346 329 1499 367 animale
1539 330 1748 379 sanguinem
1775 333 1869 372 cele-

260 390 331 425 rius
367 395 632 437 pertruncum
659 388 794 437 fluere,
831 389 987 431 tardius,
1018 390 1054 426 <Sc
1089 401 1156 438 pro
1187 401 1316 437 magna
1346 390 1540 439 portione,
1568 391 1605 426 in
1630 393 1735 429 ramis
1757 393 1802 430 ad
1833 406 1870 431 a·

262 455 389 485 cutum
422 445 603 495 angulum
633 450 722 486 natis
741 475 752 493 ‚
793 449 856 486 viri
886 450 923 486 in
953 455 1076 486 natura
1110 447 1265 487 colenda
1292 450 1478 488 exercitati
1500 449 1551 487 est
1575 450 1780 488 observatio
1794 448 1861 505 (e).

259 506 360 544 Inter
391 518 486 544 meas
516 507 783 546 observationes
823 508 903 546 sunt
932 509 1103 558 equidem
1130 502 1230 559 (f),
1262 511 1300 546 in
1341 509 1471 559 quibus
1510 507 1691 557 sanguinis
1719 522 1786 561 per
1816 523 1866 549 ra-

261 579 389 610 mum,
424 579 534 617 quam
568 579 633 617 per
676 576 847 606 truncum
873 569 1038 606 velocior
1070 574 1191 606 motus
1225 569 1284 607 est.
1337 568 1477 606 Verum
1502 568 1616 606 multa
1649 569 1729 607 sunt
1749 599 1757 612 ‚
1789 582 1868 620 quae

258 627 360 663 hunc
384 633 557 664 eventum
574 656 583 671 ,
611 636 739 678 praeter
768 636 902 666 naturae
931 627 1123 665 confilium
1147 654 1159 672 ‚
1185 634 1388 678 potuerunt
1414 627 1620 680 producere
1644 655 1656 676 ‚
1691 637 1730 667 ut
1756 629 1868 669 libera

259 685 515 731 anastomosss,
543 688 580 724 in
611 700 719 737 quam
753 700 873 726 ramus
900 688 933 725 se
964 688 1104 725 facilius
1129 688 1292 737 depleret
1319 715 1330 733 ‚
1364 695 1425 726 aut
1458 688 1619 725 vicinum
1647 689 1788 727 vulnus.
1825 690 1867 727 In

259 745 331 783 alio
354 755 451 784 certe
476 749 754 796 experimento,
781 750 881 796 cujus
909 747 1051 785 nullum
1071 776 1079 790 ‚
1105 756 1282 797 quantum
1310 749 1423 791 novi,
1452 748 1581 784 vitium
1603 747 1692 791 fuit,
1724 748 1866 797 sanguis

258 816 324 854 per
360 818 480 844 ramos
506 806 551 844 ad
584 809 763 846 acutiores
795 808 951 857 angulos
978 814 1084 845 natos
1108 835 1118 850 ‚
1153 807 1304 845 celerius
1340 807 1444 845 fluxit
1480 807 1571 860 (g)
1594 835 1604 850 ‚
1632 808 1668 844 δε
1699 808 1865 846 constan-

259 863 345 902 tiori
360 861 511 903 flumine
525 895 534 910 ,
560 879 670 916 quam
695 869 729 904 in
748 869 789 905 iis
805 869 954 918 quidem
969 869 1073 905 ramis
1091 895 1099 909 ‚
1117 878 1277 916 quorum
1294 879 1312 904 a
1328 874 1460 904 trunoo
1481 868 1590 914 origo
1610 869 1787 914 majorem
1802 879 1866 906 an·

258 924 389 974 gulum
420 927 766 978 comprehendebat.

260 1032 266 1038 ἱ
344 984 398 1023 Ex
442 986 509 1023 hac
550 993 719 1024 caeterum
760 986 981 1034 angulorum
1013 984 1330 1035 contemplatione
1363 984 1539 1023 subtiliter
1578 985 1669 1024 olim
1711 986 1865 1024 deduxit

257 1042 448 1099 Georgius
481 1044 725 1084 MARTlNF.
757 1040 851 1094 (ἢ)
881 1046 1113 1085 velocitatem
1142 1047 1179 1082 in
1207 1056 1364 1095 corpore
1397 1044 1587 1089 humano,
1619 1047 1655 1083 ὃς
1681 1046 1720 1082 in
1758 1046 1864 1083 ramis

259 1106 365 1143 cordi
392 1107 570 1153 proximis
592 1135 601 1149 ,
637 1107 674 1143 &
706 1107 740 1143 in
780 1107 821 1143 iis
855 1106 1032 1154 aequalem
1060 1105 1126 1143 effe
1157 1133 1166 1147 ‚
1206 1103 1270 1154 qui
1309 1104 1546 1143 remotiffimo
1580 1117 1598 1142 a
1626 1105 1738 1143 corde
1776 1105 1863 1143 loco

257 1164 522 1214 pronaseuntur
550 1177 557 1202 ε
594 1177 681 1203 cum
702 1167 789 1203 rami
816 1164 919 1202 cordi
947 1166 1140 1214 propiores
1167 1163 1212 1201 ad
1243 1165 1396 1213 angulos
1421 1165 1495 1202 fere
1534 1165 1647 1203 renos
1674 1165 1863 1208 oriantur,

258 1227 296 1262 in
330 1225 461 1275 quibus
484 1225 658 1262 velocitas
685 1225 870 1274 frangatur
893 1251 903 1269 ,
932 1226 1022 1262 rami
1046 1237 1130 1263 vero
1163 1222 1284 1260 ultimi
1306 1252 1314 1266 ‚
1346 1224 1382 1260 ὃς
1411 1223 1595 1273 capillares
1614 1252 1623 1268 ,
1647 1223 1690 1261 ad
1708 1224 1863 1272 angulos

257 1291 448 1332 peracutos
473 1284 684 1334 prodeant,
729 1293 837 1335 atque
866 1284 958 1321 adeo
991 1284 1035 1321 de
1059 1293 1163 1321 motu
1201 1282 1424 1333 progressivo
1457 1282 1654 1322 minimum
1684 1284 1862 1321 amittant.

257 1344 327 1382 Sed
358 1350 526 1382 anatome
551 1344 637 1381 huic
657 1345 896 1394 speculationi
920 1345 1040 1382 minus
1064 1344 1182 1386 favet,
1210 1354 1296 1380 cum
1325 1343 1451 1394 paffim
1474 1345 1562 1382 retia
1592 1344 1779 1381 minorum
1805 1354 1864 1381 va·

256 1405 379 1442 sorum
411 1404 455 1441 ad
477 1405 592 1440 varios
621 1405 778 1442 omnino
805 1403 961 1452 angulos
981 1403 1188 1441 dividantur
1221 1400 1309 1451 (i).

341 1463 450 1500 Anna
476 1462 656 1511 sanguinis
686 1465 868 1502 celeritate
896 1492 906 1507 ‚
939 1463 1091 1513 perinde
1119 1470 1160 1501 ut
1191 1464 1230 1500 in
1271 1461 1368 1501 tubis
1396 1461 1601 1500 inanimatis
1625 1491 1635 1506 ,
1673 1463 1783 1501 etiam
1824 1462 1862 1498 in

255 1523 469 1561 animalium
496 1521 582 1559 vasis
604 1523 807 1562 fridtionem
834 1525 981 1572 augeri,
1016 1531 1123 1573 atque
1152 1523 1244 1561 adeo
1271 1519 1441 1561 haetenus
1464 1522 1603 1561 febrem
1626 1520 1689 1559 fibi
1714 1520 1779 1570 ipsi
1800 1532 1862 1559 re-

257 1583 384 1621 medio
410 1582 501 1625 effe,
533 1594 609 1619 non
630 1583 888 1633 improbabilis
916 1583 963 1620 est
995 1583 1200 1631 conjedtura
1223 1608 1235 1631 ‚
1273 1592 1358 1621 cum
1385 1580 1421 1618 ἀ
1446 1582 1596 1619 theoriae
1627 1581 1828 1620 consentiat
1849 1607 1861 1625 ,

258 1644 295 1680 δε
334 1643 373 1679 in
407 1641 566 1679 febribus
593 1641 701 1692 hujus
736 1642 911 1680 friffionis
947 1642 1129 1680 manifesta
1163 1640 1309 1691 vestigia
1341 1639 1485 1685 adsint,
1517 1641 1598 1690 plus
1631 1652 1764 1689 nempe
1790 1647 1861 1678 ter-

256 1713 304 1739 rae
358 1713 423 1751 per
459 1701 601 1739 urinam
643 1711 808 1751 egeratur
841 1730 850 1745 ‚
884 1702 919 1738 ἃ
953 1701 1151 1739 sedimenta
1184 1713 1275 1751 aqua
1321 1701 1490 1749 graviora
1528 1693 1717 1738 nascantur
1757 1695 1856 1747 (k).

256 1759 411 1799 Febrem
434 1772 522 1798 vero
546 1759 610 1797 fibi
630 1762 697 1799 effe
722 1761 889 1800 remedio
910 1762 959 1798 ita
990 1760 1272 1809 intelligendum
1299 1761 1348 1798 est
1366 1787 1375 1802 ,
1404 1765 1443 1796 ut
1465 1759 1509 1796 de
1538 1758 1655 1796 nimio
1687 1761 1827 1808 impetu
1846 1787 1856 1803 ‚

257 1831 368 1870 quem
402 1821 543 1869 sanguis
571 1832 590 1858 a
619 1822 732 1861 corde
763 1822 930 1870 accepit,
958 1820 1038 1870 plus
1072 1831 1179 1871 quam
1213 1821 1248 1857 in
1287 1818 1438 1857 naturali
1466 1818 1649 1868 sanguinis
1688 1820 1815 1856 itinere
1845 1844 1856 1867 ,

255 1891 320 1931 per
345 1880 548 1919 frictionem
578 1879 773 1927 dematur,
802 1893 882 1932 quae
908 1892 979 1919 una
1007 1891 1094 1919 cum
1123 1880 1302 1919 celeritate
1326 1877 1508 1927 sanguinis
1538 1880 1635 1918 audia
1683 1878 1742 1916 est.

336 2198 407 2235 (e)
429 2198 457 2229 H
468 2207 487 2228 Α
501 2208 519 2228 1.
531 2207 548 2228 r:
559 2208 571 2228 s
600 2196 779 2228 haemassatiks
793 2207 821 2237 p.
846 2200 892 2231 67.

337 2239 401 2277 (f)
419 2243 489 2278 Eap.
515 2250 561 2278 72.
586 2251 632 2275 93.

337 2282 407 2319 (g)
433 2292 453 2320 p
487 2290 535 2319 73·
1742 2315 1747 2322 .

337 2322 403 2359 (b)
427 2326 471 2353 De
492 2322 636 2353 animalib.
667 2319 776 2353 finnlzh.
798 2330 828 2358 p.
862 2324 929 2355 187.
955 2316 1158 2350 ansnzn
1175 2327 1221 2348 RN
1241 2322 1375 2355 anatomy
1405 2314 1440 2354 of
1457 2316 1565 2347 human
1590 2316 1662 2355 body
1688 2315 1774 2349 Edit.
1799 2315 1855 2348 Vl.

252 2373 284 2403 pt
315 2369 382 2400 ¹95.

327 2406 403 2483 ((kz))
426 2404 521 2478 ΙῖῖίεΙὶξ
536 2409 662 2476 greis-331]
690 2440 736 2473 Cl.
761 2443 793 2475 Β.
827 2443 852 2474 L
866 2455 883 2475 A
898 2455 916 2474 u
934 2453 1003 2476 cnr
1016 2453 1026 2472 s
1041 2453 1059 2473 ιι
1089 2442 1300 2483 experimenta
1323 2441 1447 2471 modern.
1469 2438 1600 2478 prafflce.
