1968 2706
284 195 369 239 234
456 183 570 228 ΠΒ.
603 187 668 228 vr.
717 174 905 228 SEGT.
926 185 1008 258 HI:
1045 187 1310 229 SANGumis
1348 188 1438 230 PER
1471 190 1718 243 ARTERIAS.

279 297 360 324 rum
376 284 584 335 diffipantur
600 315 609 330 ‚
625 292 664 323 ut
676 283 821 334 fingulae
838 285 962 323 denuo
985 285 1178 323 moleculae
1203 284 1366 324 solitariae
1383 285 1496 324 fluant
1512 282 1610 338 (Μ).
1641 287 1696 328 Ita
1709 288 1886 330 flocculos
1940 279 1950 318 ¹¹

278 348 316 383 in
344 344 504 397 syncope
518 352 621 383 natos
642 345 757 382 credit
772 346 896 383 aborta
915 345 1153 394 palpitatione
1187 344 1277 383 solvi
1293 346 1353 388 ill,
1376 346 1403 383 A
1417 359 1440 385 R
1455 359 1476 384 c
1491 359 1679 386 urm-BR
1707 343 1763 390 (b
1781 343 1836 370 *³⁸
1852 351 1889 397 ),'

282 406 319 442 &
338 404 597 442 obstructiones
630 404 795 442 vasorum
827 405 1064 452 conjunctivae
1097 407 1228 443 tunicae
1263 416 1309 443 ex
1341 405 1490 444 vinculo
1514 413 1612 445 ortas
1633 407 1888 459 palpebrarum

280 464 457 502 nittitatio
496 463 634 512 diffipat
665 459 828 514 (b*”*).
1847 495 1850 498 .

367 522 576 567 Quomodo
596 523 745 561 fluidam
763 522 1003 573 liquiditatem
1020 523 1201 572 sanguinis
1217 525 1284 562 vita
1296 526 1510 572 conservet,
1525 525 1693 564 haetenus
1702 524 1811 564 facile
1835 523 1890 566 inl

282 582 464 629 telligitur.
517 582 678 620 Primum
706 585 802 620 enim
820 595 895 620 non
915 583 1066 620 dubium
1098 584 1371 634 videtur‚quin
1406 586 1561 634 coagula
1597 597 1641 622 ex
1666 584 1889 624 adtratlione

283 641 393 684 fiant,
415 654 491 678 eam
507 642 766 680 adtractionem
788 654 873 680 vero
891 644 918 679 is
944 649 1067 679 motus
1093 643 1290 692 impediat,
1309 657 1385 694 quo
1405 646 1545 693 sanguis
1560 657 1579 682 a
1596 643 1709 681 corde
1739 645 1783 681 ad
1819 657 1888 683 ex-

283 707 393 737 trema
413 701 488 738 vasa
504 703 746 750 progreditur.
797 701 831 738 Is
853 703 948 738 enim
972 708 1095 739 motus
1124 702 1298 750 globulos
1325 716 1342 742 a
1364 711 1493 743 mutuo
1514 704 1680 742 contestu
1703 704 1886 742 continuo

283 759 472 802 dimovet,
504 773 622 810 neque
653 764 685 798 vi
731 761 903 800 adtractili
936 768 1078 809 tempus
1119 762 1213 805 dat,
1249 774 1324 811 quo
1367 764 1545 801 elementa
1589 762 1735 800 adunire
1766 762 1884 812 poffit.

369 818 513 857 Deinde
545 821 722 858 elementa
757 821 936 868 sanguinis
966 818 1036 856 vivi
1068 819 1228 858 hominis
1257 828 1352 859 certa
1382 825 1557 872 temperie
1592 822 1779 860 commista
1815 822 1880 859 ser-

285 886 411 915 vantur
444 905 454 923 ,
488 880 524 916 in
553 892 623 929 qua
660 881 732 917 sola
769 879 981 918 fluiditatem
1027 879 1245 917 conservant.
1308 880 1344 917 Si
1396 882 1540 930 adipem
1576 883 1673 919 enim
1721 882 1764 918 ab
1795 892 1890 930 aqua

281 939 492 987 separaveris
523 967 533 981 ‚
577 939 684 976 etiam
733 939 881 987 quando
919 937 1102 986 utriusque
1146 938 1272 977 eadem
1316 941 1440 988 portio
1473 947 1593 978 manet
1620 970 1630 984 ,
1676 951 1753 977 non
1792 939 1884 977 dub-

285 1000 359 1036 ium
393 997 440 1034 est
470 1026 480 1040 ,
511 999 598 1047 quin
642 998 703 1035 ille
726 998 872 1047 quidem
910 999 975 1035 stet
1015 997 1170 1034 coaetus.
1234 998 1270 1035 Si
1306 1010 1481 1050 vaporem
1521 1000 1563 1037 ab
1595 1007 1751 1048 utroque
1790 999 1881 1037 abe—

287 1058 412 1106 geris,
442 1056 599 1094 multum
633 1058 775 1094 videtur
813 1057 856 1094 de
891 1057 1070 1105 sanguinis
1110 1056 1248 1105 quuida
1293 1060 1509 1097 meabilitate
1548 1058 1726 1096 decedere
1754 1088 1764 1101 ,
1803 1068 1886 1095 cum

286 1117 400 1153 serum
439 1116 562 1153 abatto
604 1129 737 1165 vapore
776 1113 874 1168 (c)
914 1118 952 1153 in
996 1115 1190 1163 gelatinam
1234 1123 1419 1161 vertatur,
1461 1118 1651 1167 serumque
1695 1129 1774 1166 pars
1813 1128 1890 1153 ma-

287 1187 357 1225 gna
401 1176 437 1212 &
473 1175 620 1213 fluidior
670 1176 849 1223 sanguinis
891 1174 939 1212 fit.
1023 1173 1133 1211 Nunc
1170 1176 1205 1211 in
1257 1177 1381 1224 quiete
1428 1178 1636 1224 sanguinis,
1670 1177 1705 1212 in
1739 1176 1887 1214 cadave-

287 1247 393 1278 vere,
422 1247 536 1283 vapor
564 1235 710 1284 quidem
740 1235 826 1271 levis
860 1234 1005 1271 avolat:
1033 1233 1167 1282 reliqua
1191 1234 1368 1271 elementa
1391 1235 1592 1274 secundum
1627 1235 1787 1283 pondera
1826 1234 1887 1271 sua

284 1298 516 1343 separantur,
545 1295 659 1332 serum
690 1295 827 1330 innatat
851 1289 937 1341 (d)
956 1321 965 1335 ,
998 1292 1143 1340 globuli
1173 1294 1244 1330 ima
1281 1300 1411 1341 petunt
1438 1325 1447 1338 ‚
1490 1296 1595 1344 seque
1628 1295 1884 1331 incumbentes

287 1355 322 1391 &
353 1354 563 1402 deprimunt
598 1354 632 1391 &
664 1352 864 1391 adtrabunt.
901 1352 1036 1390 Contra
1058 1379 1067 1393 ‚
1097 1353 1271 1400 quamdiu
1305 1354 1375 1390 vita
1415 1357 1547 1403 viget,
1589 1350 1797 1391 communis
1828 1364 1883 1390 ra-

285 1414 464 1462 pidusque
490 1414 669 1463 sanguinis
700 1421 839 1450 torrens
870 1423 1063 1461 vaporem,
1098 1423 1253 1459 aquam,
1285 1413 1457 1460 globulos
1479 1443 1487 1456 ,
1515 1414 1682 1461 adipem,
1714 1412 1886 1449 albumen

287 1474 386 1509 mista
410 1473 523 1510 servat
537 1474 672 1516 onmia,
697 1484 816 1522 neque
848 1471 927 1508 finit
954 1472 990 1507 in
1013 1471 1204 1519 propiores
1226 1472 1410 1509 contaetus
1433 1474 1626 1521 particulas
1650 1473 1801 1523 pingues
1823 1477 1885 1507 aut

287 1531 523 1580 gelatinosas,
546 1540 606 1570 aut
630 1531 814 1575 mucosas,
841 1532 960 1568 venire
981 1559 989 1573 ,
1008 1529 1067 1566 sed
1093 1530 1304 1578 interposita
1336 1543 1452 1581 aqua,
1479 1534 1513 1569 ἃ
1538 1534 1637 1569 tenui
1658 1531 1768 1568 halitu
1787 1559 1795 1572 ‚
1822 1529 1886 1566 ad-

287 1591 475 1628 trattilium
499 1592 754 1641 particularum
784 1592 1006 1627 vicinitatem
1042 1589 1202 1636 impedit.
1251 1590 1466 1629 Violentum
1490 1590 1622 1628 flumen
1653 1602 1734 1628 cum
1778 1588 1881 1637 aquis

289 1651 325 1687 ὃς
354 1662 473 1687 arenas
502 1653 537 1689 ἃ
563 1652 697 1689 avulsas
726 1651 840 1687 volvit
875 1649 920 1688 de
954 1648 1137 1685 montibus
1170 1661 1304 1693 ornos,
1334 1651 1455 1693 idem,
1475 1651 1622 1700 quando
1655 1653 1692 1686 in
1726 1645 1880 1701 planitie

289 1707 469 1757 impetum
496 1711 649 1752 sedavit,
680 1710 855 1758 proximis
878 1710 915 1745 in
941 1709 1056 1744 arenis
1090 1709 1292 1755 ponderosa
1328 1722 1480 1759 quaeque
1513 1710 1641 1747 deserit
1661 1737 1670 1753 ,
1703 1709 1767 1745 ubi
1803 1703 1885 1754 pri-

290 1779 389 1804 mum
423 1769 591 1806 velocitas
621 1780 794 1817 aquarum
827 1766 1034 1803 subsederit.

373 1827 482 1864 Calor
508 1830 615 1865 etiam
641 1827 683 1863 ad
709 1826 921 1863 fluiditatem
946 1825 1038 1861 facit.
1082 1825 1234 1872 Sanguis
1261 1827 1299 1862 in
1329 1824 1474 1869 calore,
1505 1838 1613 1875 quem
1634 1838 1652 1862 a
1679 1825 1882 1873 digestione

287 1894 454 1930 vocant,
483 1899 546 1938 per
573 1887 731 1923 mensem
753 1885 846 1932 (e)
875 1884 1005 1921 fluidus
1032 1885 1178 1926 mansu,
1207 1896 1343 1933 parque
1383 1885 1503 1922 fluidae
1543 1892 1676 1922 naturae
1713 1885 1884 1921 tenacitas

288 1949 323 1983 in
354 1946 582 1994 sugillatione
611 1945 678 1982 visa
710 1946 759 1982 est
781 1970 791 1988 ,
824 1955 906 1981 cum
931 1941 1082 1981 effusum
1119 1954 1291 1981 cruorem
1328 1945 1440 1982 viralis
1473 1944 1572 1981 calor
1605 1944 1746 1980 foveret
1767 1936 1879 1994 (f).

287 2005 431 2055 Nempe
466 2005 563 2042 calor
592 2004 800 2042 intestinum
835 2011 977 2040 motum
1014 2001 1178 2050 sanguini
1208 2004 1409 2051 imprimit,
1437 2015 1500 2040 cor
1545 2000 1827 2052 progreslivum,
1864 2013 1884 2038 a

289 2071 419 2101 neutro
447 2063 570 2100 finitur
598 2063 789 2113 quiescere.
840 2061 882 2098 In
912 2062 1094 2110 principio
1128 2062 1351 2101 exacerbatae
1375 2063 1482 2101 febris
1508 2061 1780 2099 intermittentis
1807 2060 1884 2098 san-

288 2125 367 2172 guis
395 2123 512 2160 lentus
535 2124 607 2169 est,
636 2123 696 2159 sub
729 2122 836 2159 finem
863 2121 1008 2158 fluidior
1035 2120 1131 2174 (g).

370 2237 573 2273 (h*)]le.1m
588 2234 964 2276 firrlemouv.clus1ng
995 2235 1070 2272 Exi).
1103 2241 1167 2270 ¹51.
1191 2242 1256 2271 155.
1279 2234 1333 2263 ἃς.

375 2279 744 2315 (I**‘)Sw113*rrw
776 2277 806 2306 iu
840 2277 989 2307 nomn
1029 2275 1112 2308 T..l
1145 2284 1172 2311 p.
1197 2277 1263 2311 ⁶84

369 2320 580 2355 (IJ***)C
595 2328 790 2348 AMERAR
813 2319 845 2347 cle
866 2320 1012 2353 οΓΙιὲΙκ.ιΙηι
1029 2321 1161 2349 Venrrra

367 2359 882 2397 (c)L.V.Sedt.III.1.1z4.

371 2400 922 2479 (11)L.V.Se.e111.p.p.3940.

373 2445 604 2479 (e)B1Rcr»1
631 2441 671 2471 Τ
695 2441 754 2470 Ill.
836 2445 903 2479 236

400 2453 857 2533 s)CY1›n1Ax1cpist.'ad
884 2481 1317 2520 MrLGzG‘roNump.
1346 2489 1394 2519 55.

375 2495 532 2577 §gyf-⁴
506 2533 670 2563 A-EORP
697 2536 764 2560 274·
