1968 2706
552 148 807 193 Morus?
876 147 1283 190 LATERALISs
1630 161 1718 200 233.

97 263 167 306 pro
185 250 296 294 unico
309 251 399 290 tubo
413 249 535 288 haberi
549 276 561 295 ‚
575 251 676 296 quus
694 259 774 297 pars
789 247 915 284 ultima
942 247 1128 294 angustior
1147 275 1157 290 ,
1173 252 1283 295 atque
1296 243 1388 283 adeo
1406 244 1509 291 cujus
1535 244 1653 283 ultimi
1675 246 1727 284 fi-

98 315 154 351 nis
183 325 262 362 pars
290 324 379 350 caeca
405 311 462 348 est.
497 310 541 348 Et
566 309 627 346 hic
648 311 777 347 iterum
797 333 810 350 ,
835 306 860 342 fi
884 306 1039 356 perfecte
1056 317 1147 343 caeca
1174 305 1266 343 foret
1294 304 1418 342 arteria
1442 332 1453 347 ‚
1489 315 1604 354 eaque
1632 305 1729 346 esset*

98 375 229 415 unica,
255 379 353 409 totus
383 370 502 407 cordis
533 371 690 415 impetus
719 366 995 406 consumeretur
1019 394 1028 408 ,
1067 366 1198 414 partim
1228 366 1266 401 in
1292 362 1508 413 inpellendo
1540 377 1585 401 eo
1616 377 1715 403 caeco

97 432 169 470 fine
187 461 196 474 ‚
222 431 350 474 partim
379 431 416 466 in
438 427 622 466 dilatando
649 426 790 475 reliquo
819 426 910 463 tubo
941 425 1113 463 arterioso
1137 453 1147 467 ,
1192 432 1230 460 ut
1273 425 1424 472 {parium
1456 423 1620 472 sanguini
1655 437 1718 473 pa-

96 498 263 532 miretur,
289 500 399 538 quem
437 499 502 526 cor
539 487 719 525 continuo
751 485 937 523 submittit.
986 483 1030 520 Id
1057 491 1177 521 autem
1215 483 1367 531 spatium
1400 483 1530 531 utique
1567 490 1713 532 paratur

98 563 165 600 per
193 548 374 587 lateralem
406 547 648 597 pressionem,
683 557 765 594 quae
809 545 927 593 potest
968 543 1092 583 haberi
1129 554 1197 591 pro
1246 541 1422 590 pressione
1457 541 1639 589 sanguinis
1669 543 1714 580 ab

98 611 158 647 axi
189 609 232 646 ad
255 608 558 659 perpendiculum
589 607 625 642 in
653 605 762 642 latera
790 605 944 642 nitentis.
997 603 1109 640 Nunc
1138 601 1286 650 quidem
1316 600 1395 637 finis
1428 603 1562 638 arteriae
1596 612 1713 640 caecus

98 681 175 706 non
198 668 273 709 est,
305 667 341 703 δε
368 667 508 715 sanguis
542 667 580 702 in
609 676 716 703 venas
748 664 867 714 pergit
896 661 1067 705 transire,
1098 672 1218 709 neque
1242 661 1333 697 adeo
1374 660 1495 696 cordis
1527 662 1576 698 vis
1604 663 1723 711 peni--

99 735 155 764 tus
184 728 222 764 in
259 726 410 775 parietes
438 724 568 764 canalis
598 723 833 771 impenditur.
883 723 977 761 Cum
1002 734 1087 758 vero
1106 722 1236 758 lentius
1256 721 1290 756 in
1319 730 1424 756 venas
1450 719 1590 767 sanguis
1619 729 1714 758 tran-

99 787 191 829 seat,
221 797 330 836 quam
359 784 506 835 quidem
530 796 549 821 a
571 783 682 820 corde
707 784 876 826 advenit,
907 789 1003 819 tanta
1036 793 1115 828 paru·
1144 778 1329 827 preffionis
1356 790 1375 815 a
1404 777 1516 816 corde
1538 780 1709 817 adhibitae

99 847 138 882 in
164 846 381 883 dilatandam
393 845 558 882 arteriam
581 841 804 890 impenditur
820 868 830 887 ‚
845 851 991 891 ‚quanta
1010 841 1058 877 est
1083 840 1283 876 differentia
1309 837 1511 875 velocitatis
1532 840 1566 874 in
1589 841 1711 890 primo

100 907 234 942 arteriae
263 905 445 953 principio
462 933 471 947 ‚
506 904 617 952 inque
633 900 705 937 fine
734 901 865 939 ultimo
882 929 891 943 ,
909 903 1048 949 eritque
1079 899 1208 951 preffio
1231 898 1383 936 lateralis
1401 927 1410 940 ,
1433 897 1456 933 fi
1489 899 1624 946 reliqua
1651 911 1714 949 pa„

100 966 151 1001 ria
178 963 364 1007 sumseris,
395 970 497 1000 tanto
528 963 643 1008 major
673 960 776 1012 (q),
807 971 880 1009 quo
909 960 1039 997 lentius
1064 971 1127 1007 per
1158 959 1306 995 minima
1341 956 1514 1004 sanguine
1548 958 1714 996 movebi«

102 1031 182 1066 tur.
209 1023 330 1060 donee
361 1021 499 1060 infinita
526 1020 599 1067 fit,
627 1031 760 1069 nempe
784 1017 857 1058 sola
885 1029 1032 1057 motum
1059 1018 1178 1055 cordis
1213 1017 1429 1059 consumat,
1461 1017 1608 1065 quando
1633 1017 1714 1055 nul-2

101 1082 156 1121 lus
190 1095 253 1132 per
276 1083 427 1119 minima
459 1083 665 1119 arteriarum
693 1080 834 1127 sanguis
870 1080 963 1116 viam
993 1077 1055 1115 fibi
1083 1079 1204 1126 aperit,
1257 1076 1300 1113 In
1327 1075 1502 1120 cochlea,
1525 1088 1610 1113 cum
1638 1078 1715 1114 hle-

101 1154 161 1179 me
192 1141 378 1178 lentiffime
407 1141 546 1189 sanguis
569 1146 801 1185 moveretur,
819 1146 918 1177 aorta
941 1139 1058 1175 decies
1086 1137 1196 1174 corde
1215 1137 1370 1184 amplior
1392 1135 1477 1172 fasta
1502 1136 1550 1172 est
1575 1131 1715 1189 (ΨΚ).

103 1201 266 1238 Sollicite
285 1202 320 1236 in
339 1201 403 1238 hac
423 1200 600 1248 preffione
625 1199 900 1236 demonstranda
917 1197 1070 1236 versatus
1095 1196 1142 1233 est
1169 1194 1236 1232 Vir
1255 1196 1309 1233 Cl.
1332 1189 1558 1247 Francffius
1577 1195 1603 1233 B
1619 1207 1641 1233 0
1656 1208 1668 1232 1
1683 1206 1719 1234 s-

102 1270 145 1298 Sl
162 1273 214 1297 ER
240 1260 318 1306 (r)
344 1261 378 1296 &
408 1260 556 1307 quidem
589 1259 788 1308 plurimum
818 1271 858 1296 ea
886 1257 929 1295 ad
956 1255 1268 1304 interpretandum
1295 1253 1530 1292 muscularem
1568 1263 1714 1293 motum

104 1319 182 1356 usus
211 1318 327 1357 fuerat
352 1314 575 1358 Richardus
594 1318 710 1368 jorres
727 1347 736 1360 ‚
760 1330 880 1366 neque
907 1328 984 1354 eam
1014 1315 1231 1364 preffionem
1251 1308 1418 1367 Jacobus
1447 1313 1509 1364 JU
1526 1326 1548 1351 R
1564 1327 1575 1350 1
1592 1327 1618 1351 N
1642 1314 1712 1363 (s)

103 1379 293 1426 ignoravit.
342 1378 482 1417 Conica
504 1378 638 1427 figura,
671 1389 756 1414 cum
783 1378 914 1414 ostium
932 1377 1067 1413 arteriae
1090 1374 1237 1413 ulterius
1265 1375 1429 1416 minuat,
1459 1373 1603 1421 adjuvat
1619 1375 1715 1423 pres-

103 1436 240 1474 sionem
262 1437 440 1475 lateralem
457 1467 466 1481 ‚
495 1450 573 1476 non
598 1438 699 1476 facit.
726 1435 822 1474 Nam
841 1438 949 1475 etiam
976 1434 1181 1484 cylindricae
1210 1435 1344 1471 arteriae
1373 1431 1479 1483 pulsu
1494 1435 1715 1481 agitantur9¹

106 1504 146 1533 ut
171 1496 349 1535 carotides
369 1496 389 1545 (
408 1504 423 1536 t
440 1494 476 1546 ).

505 1615 548 1660 §p
585 1611 695 1651 V11.⁷
748 1606 846 1664 Ejus
883 1607 1076 1665 preffionis
1122 1605 1321 1663 menficrcz⁰<

191 1728 294 1771 Hanc
308 1729 525 1785 pressi'onem
539 1731 653 1768 multa
671 1731 776 1775 sunt,
797 1731 904 1768 etiam
930 1732 965 1768 in
986 1730 1073 1766 vivis
1090 1730 1304 1768 animalibus
1322 1759 1330 1773 ‚
1357 1740 1436 1780 quae
1466 1728 1712 1778 confirmantg,

106 1805 144 1830 ea
162 1803 293 1842 nempe
320 1793 558 1840 phaenomena
587 1792 708 1828 omnia
724 1821 734 1834 ,
762 1800 844 1840 quae
862 1790 1079 1833 ostendunt,
1104 1789 1281 1827 ambitum
1305 1791 1441 1826 arteriae
1468 1790 1505 1824 in
1531 1790 1613 1827 vivo
1640 1791 1715 1826 ani-

106 1852 199 1888 male
225 1851 381 1887 crescere
399 1878 407 1892 ‚
437 1848 651 1897 vicinasque·
676 1858 794 1898 partes
830 1851 996 1895 eorporis
1029 1848 1201 1897 repellere
1232 1878 1241 1891 ‚
1282 1849 1404 1896 pulsus
1430 1846 1601 1896 equidem
1619 1877 1628 1891 ‚
1668 1849 1725 1885 de·

106 1922 180 1958 quo
208 1909 352 1946 uberius
387 1907 547 1949 dicetur,
566 1906 743 1956 digitique
769 1907 945 1957 percussio
970 1937 978 1950 ,
1010 1908 1215 1944 arteriarum
1235 1906 1535 1945 inflammatarum
1561 1915 1720 1951 tumor,-

105 1969 214 2011 sulci,
248 1980 339 2017 quos
365 1968 499 2005 arteriae
531 1965 661 2004 offibus
688 1968 914 2011 inscribunt,
946 1968 984 2004 in
1017 1965 1089 2003 offe
1125 1964 1318 2016 fincipitis,
1340 1967 1469 2005 frontis
1487 1994 1498 2016 ,
1521 1968 1721 2018 occipitis‚.

1529 2026 1723 2065 multifor=·

214 2164 406 2203 q)'Jomrs
429 2164 462 2192 de
484 2162 568 2203 muse.
589 2170 668 2193 motu
686 2185 693 2197 .
730 2164 944 2195 SAUVAGE
962 2175 974 2194 s
999 2164 1072 2195 loco
1088 2162 1185 2193 modo
1212 2160 1264 2192 cit.
1288 2170 1409 2202 p0131:

217 2208 290 2245 (ἰῆς)
318 2205 486 2236 LlsTER
519 2209 612 2235 merc.
638 2208 718 2236 Anat
748 2205 779 2234 ΙΙ
814 2217 840 2241 p.
865 2217 912 2240 29.

219 2250 258 2282 r)
293 2249 366 2277 Nov.
399 2245 463 2275 Ac'l.
494 2248 584 2276 Acad.
605 2253 702 2276 natur.
726 2246 825 2286 cursqs
852 2248 914 2278 vol.
935 2243 962 2277 Ῑζ
988 2247 1050 2279 obs.
1075 2251 1121 2285 36.
1149 2256 1180 2284 p.
1202 2255 1271 2280 132,
1294 2246 1375 2285 seqq.

190 2290 257 2324 (s)
284 2286 356 2318 D1ff.
380 2286 466 2317 Vlll.
491 2297 519 2325 p.
541 2298 587 2319 71.
611 2299 658 2319 τι.

189 2330 252 2366 (r)
278 2327 397 2359 Moneo
409 2346 418 2359 7
447 2329 486 2358 ob
531 2326 577 2358 Cl.
610 2329 626 2359 S
640 2338 662 2358 ‘r
675 2339 704 2359 Β
718 2340 737 2359 Η
750 2340 766 2359 ε
779 2340 797 2359 L
808 2341 820 2359 1
830 2341 852 2360 n
862 2341 875 2360 1
892 2331 998 2361 locum
1023 2340 1122 2371 nuper
1143 2330 1292 2361 citatum,-

195 2404 343 2449 Heller
373 2402 583 2462 Phyfiolog.
620 2409 788 2447 Tom.11.
1156 2410 1189 2447 G
1231 2422 1261 2439 σ-

188 2167 204 2282 &At-N

1230 2441 1261 2457 ΞΥ
