1968 2706
422 150 676 193 'MOTUS
746 143 1316 191 PROGRESSIVUS.
1593 157 1670 191 1299

167 249 348 289 Minuitur
377 249 425 286 ita
455 248 678 297 aliquantum
706 246 757 284 vis
785 244 963 283 fristionis
980 269 1000 290 -‚
1044 251 1085 283 ut
1115 251 1238 283 tamen
1266 239 1385 280 mirari
1409 239 1517 291 pollis
1542 270 1551 285 ,
1597 253 1674 279 non

55 311 245 358 *majorem
279 310 316 344 in
349 308 605 356 experimentis
637 306 794 354 reperiri.

94 416 97 419 Ι
156 367 332 405 Plicarum
352 368 424 403 vim
449 365 718 402 retardatticem
740 362 963 401 ostendimus
989 357 1170 410 insignem
1191 359 1375 409 superesse.
1424 350 1564 400 Conica
1585 370 1671 396 vero

70 426 184 475 figura
217 426 324 463 unice
344 454 353 467 ‚
383 423 407 460 si
434 423 587 461 ullarum
605 451 615 466 ‚
641 429 736 460 certe
763 423 942 469 majorum
970 421 1177 459 arteriarum
1201 421 1274 462 est,
1309 431 1394 458 cum
1421 422 1572 457 minima
1597 416 1675 454 vas-

71 486 151 523 culi
173 512 184 529 ,
211 490 271 521 aut
297 484 402 520 unius
441 481 583 529 globuli
611 482 754 529 capacia
775 509 785 523 ,
819 487 880 517 aut
903 483 941 517 in
968 491 1076 517 venas
1105 491 1251 517 recurva
1273 504 1285 521 ‚
1315 486 1377 516 aut
1407 476 1570 528 alioquin
1598 488 1675 513 non

71 544 207 581 ramosa
225 571 234 585 ‚
261 542 416 578 omnino
437 539 635 588 cylindrica
660 539 728 576 fint
758 533 845 587 (h)
877 549 891 576 .·
913 539 1012 576 unde
1042 537 1202 576 incursus
1226 536 1352 575 fluenti
1368 539 1407 574 in
1428 537 1593 576 vasorum
1612 547 1676 584 pa-

73 604 180 640 rietes
201 601 325 647 urique
352 592 484 647 magna
507 601 682 650 portione
713 595 891 635 minuitur
920 595 1012 645 (i).

117 697 119 700 ,
158 659 196 699 Id
225 666 349 695 autem
376 658 566 696 celeritatis
595 658 871 695 decrementum
893 683 903 699 ‚
928 655 1030 706 quod
1057 668 1076 693 a
1104 653 1235 692 viscida
1265 660 1389 692 natura
1408 652 1588 700 sanguinis
1603 652 1678 689 nas-

73 720 194 763 citur,
222 729 298 753 non
323 717 466 754 videtur
499 716 645 754 refutari
682 716 781 765 poffe
817 728 826 753 ε
856 726 977 765 neque
1009 714 1181 752 adtrattio
1217 714 1263 751 ad
1305 712 1486 750 canalium
1524 713 1676 761 parietes

74 778 171 814 nulla
195 777 344 813 videtur.

192 835 251 873 De
276 833 409 871 diversa
440 834 621 871 celeritate
642 831 824 881 sanguinis
840 833 875 869 in
894 832 1038 870 diversis
1055 829 1223 882 corporis
1248 832 1398 870 humani
1413 830 1574 882 partibus
1593 828 1678 866 alibi

75 894 180 932 locus
202 895 269 930 erit
296 892 450 930 dicendi.
483 892 613 941 Itaque
637 900 755 930 tamen
778 893 923 929 interim
941 892 1142 935 distimulo,
1159 903 1217 929 me
1236 893 1273 928 in
1292 889 1503 929 anatomicis
1517 888 1679 936 injectio-

75 954 180 991 nibus
195 982 204 995 ,
227 950 442 1000 expeditum
466 950 620 988 omnino
638 953 675 988 in
701 951 849 988 artubus
876 950 920 987 ab
944 953 1078 988 arteriis
1092 952 1128 988 in
1150 962 1257 988 venas
1288 950 1472 989 transitum
1498 945 1677 996 reperisse.

162 1011 257 1049 Cum
284 1010 401 1052 adeo,
445 1010 617 1046 omnibus
646 1010 798 1046 sollicite
825 1007 1028 1057 pensitatis,
1059 1010 1096 1046 δι
1120 1010 1284 1056 ῐΕῙΕὲὶίε,
1315 1019 1398 1058 quae
1425 1009 1543 1044 minus
1577 1004 1679 1041 firma

76 1069 221 1109 admista
260 1069 407 1106 fuerunt
447 1068 559 1106 causae
590 1075 710 1106 tamen
756 1067 949 1105 celeritatis
973 1067 1161 1106 diminutae
1186 1068 1309 1105 multae
1328 1095 1338 1110 ‚
1362 1069 1398 1105 &
1428 1070 1597 1115 potentes
1625 1063 1680 1100 su-

76 1127 208 1177 petsmt
227 1155 236 1171 ,
263 1136 382 1177 neque
408 1134 529 1165 tamen
553 1139 620 1176 pro
648 1138 770 1164 earum
797 1127 938 1163 ratione
959 1127 1120 1165 celeritas
1145 1129 1182 1164 in
1211 1127 1371 1163 minimis
1399 1124 1602 1162 decrescere
1628 1122 1680 1158 v.i-
1713 1147 1716 1150 Δ

64 1187 203 1225 »ἀετιωτ
221 1215 231 1230 ,
258 1198 376 1236 neque
405 1188 536 1224 erroris
564 1186 666 1225 causa
692 1197 775 1224 vera
805 1183 847 1222 fit
872 1182 1029 1223 indicata
1052 1213 1062 1229 ,
1100 1197 1181 1224 non
1223 1184 1365 1223 videtur
1396 1184 1564 1222 hactenus
1595 1191 1680 1230 pro·

77 1246 226 1284 blemati
255 1244 323 1283 effe
353 1245 577 1283 satisfactum.

302 1367 336 1408 5.
388 1359 564 1402 XXXII.
628 1357 760 1403 Novae
787 1356 1008 1402 ‘uelocitatis
1035 1357 1160 1415 causae
1187 1373 1260 1402 non
1288 1372 1407 1402 verae.

163 1462 353 1511 Superest,
380 1469 422 1501 ut
448 1464 492 1501 ad
523 1463 640 1502 causas
667 1474 771 1501 novae
792 1462 983 1500 celeritatis
1017 1461 1275 1510 confugiamus
1302 1490 1311 1504 ‚
1339 1472 1419 1511 quae
1448 1464 1577 1509 praeter
1605 1457 1681 1496 vim

81 1522 202 1560 cordis
226 1521 390 1569 sanguini
417 1522 567 1560 accessit.
623 1521 808 1569 Ejusmodi
833 1521 943 1559 causae
968 1522 1073 1558 variae
1100 1521 1293 1570 propositae
1319 1520 1484 1561 fuerunt,
1510 1530 1577 1555 nos
1592 1525 1680 1555 veto

81 1582 124 1618 ab
154 1582 195 1618 iis
217 1581 435 1630 incipiemus
453 1609 463 1623 ‚
494 1593 579 1630 quas
605 1588 783 1630 oportet,
815 1587 1002 1628 tamquam
1026 1579 1156 1616 alienas
1185 1592 1204 1617 a
1234 1591 1320 1617 vero
1353 1576 1549 1616 eliminare.
1589 1575 1683 1613 Fue-

80 1646 195 1682 runt,
225 1650 344 1687 neque
364 1646 426 1675 aut
457 1640 657 1677 incelebres
684 1640 747 1675 viri
779 1635 868 1690 (k)
889 1664 900 1682 ‚
932 1645 993 1676 aut
1018 1649 1134 1686 parvae
1156 1638 1374 1676 auctoritatis
1400 1662 1410 1682 ,
1445 1638 1509 1686 qui
1539 1635 1582 1673 ab
1609 1632 1682 1683 ipsa

80 1697 238 1745 angustia
266 1698 503 1735 minimorum
532 1698 712 1735 canalium
731 1697 920 1734 celeritatis
947 1699 984 1733 in
1014 1695 1100 1733 vasis
1124 1697 1284 1734 minimis
1311 1698 1577 1747 incrementum
1603 1693 1682 1742 spe-

81 1763 211 1793 rarunt.
262 1753 448 1803 Vulgari,
475 1763 516 1793 ut
546 1755 690 1794 videtur
725 1756 978 1806 experimento
1007 1757 1174 1792 nituntur
1199 1783 1208 1797 ‚
1242 1754 1306 1803 qui
1346 1755 1439 1792 hanc
1463 1750 1682 1803 hypothesin

81 1813 348 1865 proposuerunt
369 1827 375 1850 :
397 1814 620 1852 infundibuli
635 1826 766 1862 nempe
787 1840 799 1858 ‚
827 1816 958 1851 conive
981 1815 1082 1857 cavi,
1105 1815 1204 1860 cujus
1223 1814 1376 1863 amplius
1396 1814 1535 1850 labrum
1552 1821 1682 1860 aquam

81 1874 209 1920 recipit
233 1897 243 1915 ‚
270 1873 452 1919 angustior
478 1885 564 1912 vero
599 1873 746 1910 tubulus
768 1874 910 1911 emittit.
962 1872 1002 1909 In
1031 1870 1209 1919 ejusmodi
1235 1872 1350 1909 canali
1375 1873 1500 1920 utique
1519 1869 1681 1907 velocius

81 1943 146 1980 per
168 1931 349 1978 angustius
382 1931 513 1968 ostium
543 1943 631 1980 aqua
662 1933 846 1983 erumpit,
881 1933 916 1968 ὃς
941 1933 977 1967 in
1002 1930 1308 1987 universum-fere
1340 1924 1419 1981 (l)
1448 1936 1550 1966 tanto
1582 1927 1682 1964 velo-

46 2020 49 2021 γ
82 1991 180 2033 cius,
207 2000 282 2039 quo
310 1990 417 2027 latior
440 1990 548 2030 fuerit
577 2002 676 2041 aquae
699 1992 736 2027 in
766 1990 912 2029 castello
940 1989 1141 2039 superficies
1162 2018 1171 2033 ‚
1199 2001 1277 2038 quae
1311 1990 1348 2026 in
1381 1986 1522 2026 aditum
1547 1985 1682 2024 canalis

1592 2054 1683 2093 reet-⁴

163 2145 234 2181 (h)
255 2144 289 2175 L.
306 2142 347 2175 Π.
372 2156 400 2184 p.
416 2148 465 2184 39]

163 2187 232 2222 (i)
260 2186 494 2217 S-rffiussnm
522 2188 555 2218 de
578 2185 660 2227 pulsu
682 2197 709 2227 p.
734 2197 762 2224 4.

163 2227 224 2262 (k)
255 2226 590 2259 BAzzncALUVE
622 2232 707 2260 theor.
739 2237 841 2259 tumor.
881 2228 968 2268 Prop.
1003 2228 1029 2260 Ι.
1070 2229 1148 2260 Ρνὶιῑ.
1178 2226 1390 2258 HOFMAN.
1433 2223 1580 2263 plrtstolog.
1615 2229 1681 2259 ‘111ae

82 2265 406 2310 ›aretiic*iyzaefisserztaticae
421 2269 537 2307 primus
559 2276 662 2299 tomus
683 2270 723 2300 est
740 2291 748 2304 ‚
772 2281 800 2308 p.
825 2279 890 2300 ΜΖ.
907 2270 989 2299 Olim
1014 2271 1181 2302 Gnaltherus
1201 2267 1226 2298 C
1239 2279 1258 2298 H
1272 2279 1291 2298 A
1304 2279 1324 2298 R
1337 2279 1354 2296 t>
1371 2280 1386 2297 E
1402 2276 1425 2296 T
1442 2278 1460 2295 o
1478 2275 1498 2294 N
1524 2264 1617 2302 triplo
1634 2273 1681 2291 ce-

82 2306 176 2349 lerius
194 2308 225 2337 in
250 2307 387 2351 arteriis-³
403 2318 494 2346 quam
521 2310 553 2339 in
574 2312 667 2340 corde
696 2311 874 2350 sanguinem
891 2314 983 2342 fluere
1006 2311 1160 2351 scripserat
1182 2332 1190 2346 ‚
1223 2309 1307 2348 quod
1328 2318 1432 2338 cirum
1458 2308 1560 2336 lumen
1584 2304 1678 2340 tusto

84 2347 154 2377 essct
177 2348 326 2387 angustius
347 2349 421 2377 three
449 2350 560 2380 [centres
587 2362 614 2388 p.
643 2357 689 2381 28.

166 2390 179 2423 (
194 2391 228 2424 l)
253 2389 269 2418 S
281 2399 297 2417 c
311 2400 329 2418 H
344 2400 361 2419 r.
372 2400 390 2418 L
400 2399 419 2420 ιι
431 2400 450 2420 Α
462 2402 490 2422 Μ
503 2402 532 2422 Μ
543 2401 557 2421 Β
567 2402 589 2424 R
611 2393 643 2422 cle
657 2389 739 2431 puffu
761 2391 873 2424 axiam.
895 2390 952 2424 ΙΙΙ.
978 2392 1003 2423 Β
1014 2403 1029 2423 13
1042 2403 1064 2424 R
1075 2403 1096 2422 N
1108 2403 1127 2423 o
1139 2401 1163 2423 ts
1176 2403 1191 2422 ι
1202 2402 1220 2422 1.
1234 2401 1245 2421 1
1276 2391 1499 2429 lydrodynamic
1517 2398 1546 2426 p.
1570 2396 1634 2416 112.
