1968 2706
262 147 344 183 352
433 128 539 173 ΗΒ.
578 128 660 173 VI.
696 121 853 171 SEC‘I'.
897 128 949 170 V.
995 131 1329 171 SANGUINIS
1367 133 1478 173 PER
1524 135 1728 176 VENAS

263 232 353 269 dum
379 229 478 268 factis
508 229 792 278 experimentis,
826 227 1041 276 sanguinem
1062 253 1076 272 ,
1114 239 1178 277 per
1210 226 1340 265 vulnus
1373 228 1549 267 venosum
1576 232 1765 270 accelerari
1797 234 1872 281 (s)

263 292 312 328 ita
338 301 413 328 non
438 288 686 330 admiserunt,
719 295 760 325 ut
786 285 936 325 vinculo
968 299 1062 336 opus
1087 286 1172 324 effet
1190 313 1202 332 ,
1230 299 1306 336 quo
1339 287 1504 325 efflueret
1527 285 1621 340 (t).

352 349 389 387 Si
415 349 594 395 objeceris
619 358 679 384 me
711 354 837 384 contra
863 345 1010 398 propria
1035 346 1162 384 dietata
1188 347 1291 396 loqui
1321 372 1333 390 ‚
1372 348 1434 396 qui
1465 359 1573 386 venas
1601 349 1810 391 musculofis
1838 352 1878 389 fi-

264 410 340 447 bris
356 409 566 451 destitutas,
591 407 715 456 visque
737 406 829 443 adeo
860 405 1042 442 irritabilis
1069 414 1237 454 expertes
1273 406 1342 443 esse
1371 407 1527 444 dixerim
1558 408 1648 456 (u)
1684 433 1696 452 ‚
1735 411 1876 450 accusa-

266 470 406 507 tionem
448 469 487 504 ni
523 466 631 504 fallor
672 478 750 503 non
779 477 872 514 aegre
912 465 1068 502 diluero.
1133 464 1345 503 Contraffio
1379 466 1428 503 est
1454 493 1467 510 ,
1512 479 1591 516 quae
1620 469 1716 506 fibris
1744 473 1876 507 anima-

256 529 360 565 libus
387 527 596 564 communis
614 554 624 569 ,
653 524 863 562 extenfioni
896 522 964 561 suae
990 524 1112 562 refistit
1131 551 1145 568 ,
1174 525 1282 574 seque
1310 526 1346 561 in
1378 526 1567 565 minimam
1601 527 1888 576 longitudinem

268 587 453 624 restituere
472 593 636 622 conatur.
683 583 770 622 Eam
797 585 870 620 vim
889 595 1050 627 venena,
1074 590 1135 620 aut
1152 583 1318 634 scalpella
1340 595 1415 621 non
1435 587 1596 624 excitant
1614 588 1679 635 (ω
1694 589 1710 633 )
1727 619 1736 633 ,
1761 601 1881 637 neque

268 646 368 683 nervi
398 651 460 682 aut
484 651 620 692 augent
644 650 705 681 aut
733 644 930 685 minuunt,
959 643 1084 680 eadem
1103 668 1116 687 ‚
1157 644 1266 680 etiam
1304 643 1487 680 cellulosae
1514 646 1593 683 telae
1618 652 1788 698 propria.
1837 660 1883 684 ex

270 717 339 753 qua
373 715 470 741 venae
499 703 704 740 formantur
725 730 735 745 ,
765 703 871 739 etiam
900 703 937 739 in
965 702 1146 739 cadaveris
1176 703 1276 738 venis
1304 702 1347 739 <Sc
1378 705 1514 741 arteriis
1543 707 1663 752 potius
1694 709 1892 756 potentior·

269 763 424 807 residet,
452 763 623 802 hanenus
650 763 758 800 unice
789 760 917 800 efficax
936 791 945 805 ,
969 769 1007 798 ut
1030 762 1232 798 dilatationi
1262 761 1340 798 tubi
1362 765 1560 806 renitatur³
1588 775 1671 812 quae
1697 767 1828 813 absque
1845 766 1884 802 fi-

270 825 416 861 brarum
441 834 567 859 venam
589 822 888 859 constituentium
919 820 1017 859 aneta
1045 821 1280 869 longitudine
1301 820 1368 857 effe
1395 830 1563 871 nequeat.
1607 822 1884 864 Derivatisnezn
1940 861 1947 867 x

271 892 442 920 caeterum
467 911 476 925 ,
515 881 551 917 &
579 881 669 918 olim
696 880 774 930 (y)
805 908 816 923 ,
848 880 884 917 δι
921 892 1039 930 nuper
1074 880 1189 928 (z),
1218 891 1236 917 a
1268 881 1518 919 contraftione
1556 881 1726 923 va‘b'rum
1765 883 1892 922 minus-

273 941 390 979 oculis
420 939 600 977 manifesta
622 939 856 977 deduximus.

359 1000 538 1038 Caeterum
570 999 662 1036 hanc
693 998 968 1048 preffionemin
1003 997 1088 1036 vafis
1115 1000 1276 1036 minimis
1302 999 1490 1036 minorem
1523 999 1592 1036 effe
1618 1030 1628 1044 ‚
1678 1003 1715 1040 in
1751 1005 1888 1041 truncis

272 1072 360 1097 vero
387 1057 527 1096 venofis
555 1065 738 1109 perpetuo
771 1058 930 1096 crescere
950 1087 960 1102 ,
986 1059 1038 1096 uti
1065 1061 1219 1108 majores
1247 1059 1283 1096 δι’
1302 1058 1407 1096 cordi
1435 1061 1628 1108 propiores
1653 1062 1754 1104 sunt,
1784 1064 1888 1100 facile

272 1119 513 1167 intelligitur,
531 1130 616 1156 cum
632 1129 733 1155 venae
748 1119 871 1155 eundo
885 1117 1074 1155 arstentur.
1121 1118 1226 1157 Circa
1247 1130 1311 1156 cor
1325 1129 1410 1155 vero
1426 1119 1461 1155 ὃς
1476 1119 1672 1157 maximam
1690 1121 1756 1158 effe
1778 1134 1890 1169 opor-

274 1181 371 1222 tuit,
393 1179 528 1216 &curn
551 1179 628 1229 pari
652 1176 839 1214 flexilitate
866 1176 1099 1224 conjuneiam
1120 1206 1130 1221 ‚
1156 1185 1197 1216 ut
1227 1189 1325 1215 venae
1351 1188 1459 1226 quam
1485 1177 1656 1216 latiflimae
1679 1181 1780 1231 reddi
1807 1181 1889 1231 pos-

274 1239 374 1282 sent,
404 1239 487 1286 quia
511 1239 548 1274 in
575 1237 678 1272 variis
694 1238 776 1273 vitae
793 1236 911 1273 stadiis
933 1237 1076 1284 sanguis
1101 1249 1139 1273 ea
1170 1237 1252 1275 sede
1275 1243 1357 1274 ante
1389 1247 1454 1272 cor
1481 1237 1516 1273 δι
1545 1239 1739 1286 pulmones
1767 1240 1889 1278 neces·

275 1298 364 1335 sario
405 1297 580 1334 retinetur
604 1324 614 1339 ‚
659 1302 699 1332 ut
741 1297 778 1331 in
809 1295 913 1332 omni
943 1297 1034 1332 nixu
1064 1322 1076 1340 ‚
1103 1301 1140 1333 in
1168 1297 1270 1334 cursu
1300 1325 1310 1339 ‚
1351 1295 1548 1345 laboreque
1584 1299 1736 1336 intenso,
1794 1298 1892 1337 Hinc

276 1359 314 1394 in
344 1356 560 1393 animalibus
595 1352 791 1402 amphibiis
810 1383 820 1397 ,
845 1366 926 1403 quae
953 1354 1016 1390 diu
1047 1355 1179 1405 absque
1203 1355 1442 1403 respiratione
1479 1356 1583 1400 sunt,
1617 1369 1718 1395 venae
1743 1359 1890 1407 amplis-

274 1415 370 1453 fimae
395 1415 489 1461 (a).
530 1415 591 1452 Uti
631 1425 719 1451 vero
747 1412 903 1451 arteriofi
929 1413 1119 1462 sanguinis
1144 1417 1303 1464 impetus
1332 1443 1342 1458 ,
1370 1426 1478 1462 quam
1510 1415 1630 1452 venofi
1655 1421 1770 1466 major
1804 1420 1853 1455 est
1879 1448 1887 1458 ,

259 1475 325 1511 -ira
355 1473 546 1511 resistentia
577 1473 790 1511 venosarum
823 1473 1117 1510 membranarum
1140 1477 1262 1511 minor
1284 1474 1368 1520 est,
1397 1485 1510 1523 quam
1542 1477 1798 1515 arteriosorum
1833 1490 1892 1515 ve-

277 1532 535 1571 lamentorum.
571 1533 680 1576 lnde,
709 1544 794 1570 cum
824 1532 988 1570 lanceola
1014 1545 1080 1581 per
1107 1545 1234 1571 venam
1266 1534 1302 1569 in
1338 1534 1465 1570 arteria
1500 1533 1637 1572 brachii
1673 1545 1893 1587 penetrante

277 1592 443 1642 sanguini
470 1592 642 1630 arterioso
669 1593 725 1629 via
758 1593 796 1628 in
825 1603 956 1629 venam
998 1594 1197 1641 aperiretur
1236 1619 1247 1642 ‚
1281 1591 1432 1629 mirifice
1465 1604 1505 1629 ea
1530 1592 1606 1632 hoc
1632 1595 1717 1633 loco
1749 1595 1893 1633 dilatata

278 1650 348 1690 fuit
407 1646 429 1689 Ζ)
461 1677 472 1688 .
1270 1670 1274 1672 -

375 1654 395 1702 <
441 1656 458 1698 )
653 1727 686 1770 ς.
719 1724 788 1762 III.
854 1718 937 1762 Cur
962 1733 1076 1762 ‘uenae
1097 1717 1212 1777 pulfic
1243 1718 1510 1774 dcstz‘tztantzcr.

369 1843 408 1881 Si
430 1841 469 1878 in
495 1841 595 1879 venis
614 1868 624 1884 ,
660 1840 815 1890 perinde
844 1847 884 1878 ut
911 1840 948 1877 in
981 1841 1117 1879 arteriis
1142 1869 1152 1884 ‚
1183 1840 1328 1889 sanguis
1356 1842 1393 1878 in
1414 1843 1567 1890 parietes
1592 1844 1728 1892 premit
1751 1872 1761 1887 ,
1782 1847 1899 1894 quaeri‘

1745 1904 1863 1952 potest
1880 1932 1889 1946 ‚

367 2038 382 2071 (
394 2038 435 2072 ε)
457 2036 523 2066 Mo
536 2046 579 2067 nx
593 2048 604 2067 s
620 2048 631 2067 s
645 2047 664 2066 o
677 2047 700 2067 N
731 2038 823 2068 lettres
839 2036 894 2075 sur
910 2038 934 2066 Ie
957 2037 1039 2066 choix
1061 2038 1107 2067 des
1121 2033 1244 2075 shigne'es
1279 2035 1314 2068 L.
1334 2035 1372 2069 V.
1395 2035 1491 2079 Effizys
1516 2039 1550 2069 de
1574 2037 1706 2080 phpstquc
1731 2039 1779 2069 ecl.
1805 2048 1893 2077 1735.

285 2093 316 2121 Ρ,
332 2087 395 2116 522.
425 2078 452 2108 H
466 2090 484 2107 Α
498 2088 644 2110 munao
659 2089 703 2109 nn
735 2081 768 2108 de
795 2076 928 2118 vmaefi’t'l.
951 2088 980 2107 n.
1005 2088 1055 2114 43.

372 2119 437 2155 (t)
461 2119 535 2149 ibid.

370 2162 442 2195 (u)
466 2161 559 2190 Prem.
582 2161 675 2191 Mem.
691 2157 747 2198 fiir
766 2162 802 2190 les
819 2167 893 2198 part.
911 2161 985 2191 irrit.
1007 2161 1045 2198 ff
1061 2157 1135 2199 fi’ns
1157 2169 1188 2198 p.
1219 2168 1267 2196 53.

371 2202 440 2236 (x)
463 2200 496 2231 L.
512 2199 551 2229 Π.
574 2211 604 2239 p.
620 2207 688 2230 126.

373 2244 443 2280 (y)
468 2243 571 2273 Second
594 2243 689 2273 λίθω.
713 2244 768 2273 ἃς.
789 2253 819 2282 p.
841 2243 908 2280 338.

374 2285 437 2318 (z)
468 2283 561 2321 Supra
583 2281 662 2311 Seer.
684 2282 709 2312 Ι.
735 2293 765 2313 n.
794 2296 840 2320 39.

330 2326 336 2327 ’
372 2326 444 2359 (a)
473 2324 825 2355 SanLHAMMSR
848 2324 877 2354 in
899 2325 1001 2363 phoca
1027 2323 1107 2364 apud
1126 2323 1465 2360 VAzxrm'xuum.

373 2365 442 2401 (h)
470 2363 541 2402 0stss
569 2364 634 2401 osa
658 2365 753 2395 societ.
784 2373 814 2396 at
836 2367 927 2398 Lond.
955 2365 996 2398 T.
1017 2366 1042 2396 I.
1072 2377 1101 2406 p.
1126 2377 1193 2402 340.
