1968 2706
376 184 617 230 MOTUS
677 183 1203 230 PROGRESSIVUS.
1554 183 1640 236 327

33 283 182 322 finalium
209 280 222 327 ξ
262 293 342 334 quae
370 296 504 336 corpus
552 285 656 325 suum
696 297 866 325 exercere
899 286 1152 336 prohibentur.
1204 283 1294 323 Haec
1326 278 1412 321 vitia
1446 283 1570 319 omnia
1600 282 1646 321 ad

34 343 252 394 impeditum
275 344 457 393 sanguinis
477 345 601 383 venosi
627 353 772 384 motum
795 348 986 394 pertinent.
1025 346 1131 388 Fuit,
1158 346 1216 382 cui
1247 356 1291 381 ne
1314 354 1360 380 ex
1380 354 1468 380 vena
1491 341 1643 391 quidem

33 401 174 450 sanguis
202 402 357 447 fluebat,
385 403 449 441 nisi
472 416 607 454 corpus
635 403 846 444 exercuisset
879 406 976 459 (q).
1015 407 1046 443 A
1067 405 1146 443 solo
1174 411 1279 441 motu
1305 402 1443 440 brachii
1464 401 1645 450 sanguinis

33 461 141 499 saltus
168 462 274 499 altior
303 462 441 512 prosilit
472 463 570 512 (r).

122 521 211 559 Non
236 522 344 559 unica
373 523 515 561 ratione
546 529 668 561 motus
699 522 950 562 musculorum
989 523 1171 572 sanguinis
1206 521 1329 560 venofi
1367 521 1526 559 reditum
1560 531 1648 578 prof

35 589 172 618 movet.
218 580 373 617 Primam
404 581 638 631 exposuimus
671 581 751 634 (5)
787 613 796 627 ‚
838 595 908 632 qua
940 595 1041 621 veuae
1064 582 1202 620 medios
1236 584 1328 619 inter
1361 580 1545 618 musculos
1579 590 1648 628 po-

37 639 134 682 fitae,
163 651 182 676 a
213 638 438 677 tumentibus
466 640 636 679 musculis
674 643 863 680 manifesto
890 644 1173 693 conprimuntur
1215 643 1251 679 ἃ.
1285 641 1504 677 inaniuntur.
1551 637 1604 675 Ita
1638 666 1647 681 ‚

40 700 125 736 dum
153 700 268 736 trunci
294 700 449 746 majores
477 701 628 738 celerius
661 702 856 754 deplentur
877 729 887 744 ‚
929 701 1087 751 sequitur
1113 713 1159 738 ex
1198 701 1402 738 minoribus
1431 700 1536 736 ramis
1564 709 1651 746 pro-

39 758 159 794 ximus
184 757 325 805 sanguis
344 786 355 801 ‚
389 759 425 795 &
456 761 626 809 expedita
653 762 690 797 in
721 761 832 813 spatia
855 761 1039 812 succedit,
1073 772 1119 798 ex
1145 772 1184 797 ea
1212 760 1286 797 fere
1316 760 1458 796 ratione
1475 787 1484 800 ‚
1509 769 1591 806 quae
1611 759 1650 793 in

40 816 265 854 derivatione
286 816 410 854 locum
437 819 551 856 habet.
603 819 671 858 Per
697 821 841 858 easdem
870 820 987 858 causas
1011 848 1021 863 ‚
1055 818 1210 870 depictis
1246 831 1292 856 ex
1322 820 1488 869 corporis
1512 818 1653 854 exerci-

39 876 177 912 tatione
207 875 305 912 venis
332 876 471 922 rubris,
504 890 618 927 vapor
643 880 679 916 &
707 881 816 929 adeps
842 891 891 916 ex
920 880 1177 917 minutioribus
1203 877 1287 915 vasis
1315 878 1350 914 &
1374 875 1521 914 vcellulis
1542 877 1654 912 inve·

40 947 102 971 nas
127 935 279 971 inanitas
297 934 488 975 resumitur
502 966 511 980 ,
536 939 589 975 uti
603 937 818 988 hydropicae
830 951 931 988 aquae
946 939 1026 988 post
1042 939 1276 987 purgantium
1297 937 1653 973 medicamentorum

40 994 218 1031 astionem
241 995 279 1030 iu
307 995 428 1033 rubras
447 1008 557 1034 venas
583 998 747 1035 redeunt.
780 998 943 1037 Certum
965 1000 1062 1035 enim
1086 998 1135 1034 est
1151 1026 1159 1040 ,
1191 998 1297 1034 etiam
1316 1008 1380 1045 per
1404 995 1654 1043 experimenta

40 1053 145 1101 (t),
163 1052 375 1100 sanguinem
399 1055 564 1093 vasorum
590 1059 771 1104 majorum
796 1057 904 1094 nimis
933 1058 1130 1106 plenorum
1159 1055 1325 1105 sanguini
1351 1067 1396 1092 ex
1424 1052 1572 1092 minutis
1601 1065 1656 1090 rae

42 1112 172 1150 diculis
196 1112 358 1149 redituro
383 1112 558 1158 resistere,
585 1127 744 1165 eumque
766 1116 953 1165 repellere.

130 1169 240 1208 Aliud
259 1199 268 1214 ,
294 1171 410 1209 nihilo
438 1174 590 1211 inertius
615 1176 801 1213 exercitati
818 1176 982 1227 corporis
1010 1174 1254 1212 commodum
1280 1173 1329 1210 est
1356 1202 1364 1216 ‚
1391 1172 1493 1222 quod
1516 1184 1582 1209 cor
1613 1171 1657 1208 ad

45 1229 335 1268 eontrastionem
355 1231 634 1277 vehementius,
674 1236 912 1286 &potentius
925 1233 1152 1272 sollicitetur.
1195 1231 1359 1278 Quando
1385 1234 1482 1271 enim
1503 1227 1662 1268 musculi

44 1296 231 1337 turgentes
251 1301 359 1328 venas
378 1293 652 1341 comprimunt,
682 1294 764 1343 plus
785 1295 912 1344 utique
937 1294 1119 1342 sanguinis
1156 1293 1192 1329 in
1215 1291 1301 1329 dato
1324 1299 1492 1340 tempore
1523 1291 1568 1328 ad
1603 1302 1663 1327 ve-

46 1360 132 1386 nam
163 1360 286 1386 cavam
315 1351 440 1395 venit,
468 1352 549 1402 plus
582 1352 673 1390 adeo
704 1354 753 1391 est
779 1353 940 1398 stimuli,
969 1354 1033 1403 qui
1064 1364 1129 1390 cor
1156 1351 1327 1390 dextrum
1347 1351 1518 1389 sollicitet
1545 1379 1555 1393 ,
1594 1349 1663 1386 fre-

45 1408 216 1456 quentius
244 1420 333 1457 ergo
351 1409 387 1446 &
416 1412 543 1458 majori
572 1412 607 1448 vi
631 1412 728 1450 idem
753 1413 1006 1456 contrahitur,
1023 1412 1176 1461 plusque
1206 1410 1388 1459 sanguinis
1408 1412 1445 1447 in
1463 1409 1661 1462 pulmones

45 1466 234 1504 submittit.
268 1467 365 1506 Nam
395 1470 477 1518 post
506 1482 661 1518 magnos
694 1474 860 1521 corporis
892 1480 1015 1511 motus
1053 1472 1089 1509 &
1122 1472 1158 1507 in
1185 1470 1338 1507 homine
1358 1496 1370 1513 ‚
1397 1470 1434 1506 &
1465 1471 1502 1506 in
1529 1470 1664 1506 anima-

46 1525 163 1569 libus,
181 1525 321 1574 sanguis
347 1529 384 1565 in
410 1541 539 1566 venam
559 1542 680 1567 cavam
709 1533 743 1568 &
763 1521 928 1569 dextram
951 1530 1147 1569 auriculam
1166 1531 1359 1578 congestus
1385 1530 1561 1580 reperitur
1581 1527 1662 1575 (τι).

48 1585 137 1622 Inde
168 1586 301 1623 animal
331 1588 620 1632 moribundum,
643 1601 726 1627 cum
752 1591 882 1639 frigida
910 1590 1116 1641 adspersum
1144 1589 1178 1627 se
1199 1596 1445 1631 concuteret,
1485 1587 1529 1626 ad
1553 1588 1663 1626 vitam

49 1644 157 1681 rediit
189 1643 293 1691 (x).

138 1703 234 1741 Cum
267 1705 370 1741 venis
397 1706 594 1753 maJ'oribus
627 1710 734 1747 etiam
764 1720 830 1748 cor
861 1710 976 1757 majus
997 1710 1047 1747 est
1074 1708 1162 1759 (y)
1196 1736 1206 1751 ‚
1239 1719 1322 1745 curn
1354 1708 1471 1758 parvis
1497 1715 1659 1755 parvum.

51 1760 123 1800 Sed
153 1773 217 1799 cor
248 1765 362 1811 maius
390 1765 439 1802 est
466 1767 680 1806 animalibus
702 1768 886 1807 ferocibus
914 1768 995 1820 (z)
1020 1798 1031 1814 ,
1063 1768 1099 1806 &
1124 1767 1302 1808 athleticis
1328 1766 1440 1819 (a),
1459 1766 1665 1804 domesticis

53 1816 138 1872 (b)
162 1822 198 1858 δι
230 1822 412 1862 debilibus
443 1827 564 1864 minus
581 1857 592 1871 ,
609 1835 665 1866 ·ut
685 1828 768 1867 alias
788 1828 951 1877 exposui.

1626 1881 1663 1920 Si

165 1937 214 1974 q)
235 1938 307 1974 Eph.
331 1939 401 1969 Nat.
428 1942 492 1970 Cur.
519 1943 593 1971 Dec.
612 1938 656 1972 II.
679 1953 748 1972 ann.
776 1950 803 1974 2.
829 1942 890 1973 obs.
915 1947 987 1982 1542

166 1979 212 2014 r)
234 1977 264 2007 D
276 1989 287 2007 1
301 1988 318 2008 o
333 1988 355 2008 N
367 1990 380 2009 1
393 1990 404 2010 s
430 1991 510 2011 cours
524 1982 626 2020 d'oper.
652 1993 681 2023 p.
704 1994 775 2023 459.

170 2019 208 2055 s)
233 2018 268 2049 L.
295 2019 363 2049 111.
388 2031 416 2059 p.
439 2033 507 2058 205.
534 2023 613 2062 seqq.

164 2062 204 2095 t)
226 2062 328 2090 Second
349 2064 444 2094 Mem.
458 2061 516 2102 ficr
535 2066 559 2094 le
577 2075 672 2095 mouv.
693 2066 734 2095 du
745 2063 821 2105 fimg
851 2066 927 2107 Exp.
952 2074 1017 2105 ¹37·
1046 2074 1113 2104 145.

169 2103 218 2137 u)
249 2101 387 2134 Sumne
418 2103 460 2136 T.
484 2103 525 2134 II.
550 2116 581 2144 p.
606 2117 675 2141 277.

170 2145 218 2179 x)
240 2142 417 2174 KAAuw
439 2148 531 2183 impet.
553 2146 610 2185 fac.
634 2158 664 2178 n.
688 2157 758 2186 455.

162 2185 212 2220 y)
252 2183 499 2216 Scnwznxss
523 2197 553 2224 p.
579 2200 630 2219 22.

143 2225 217 2261 (z)
239 2223 477 2258 Rosrnson
505 2227 541 2266 ⁰f
555 2228 624 2267 fbod
651 2230 710 2260 and
736 2227 889 2270 discharges
916 2242 947 2271 p.
985 2240 1052 2262 101.
1086 2238 1152 2261 102.
1180 2237 1245 2266 104.
1271 2227 1365 2261 etiam
1388 2226 1496 2258 eadem
1532 2225 1654 2290 rat'aeue

135 1935 152 1970 (

138 1978 153 2013 (

137 2017 153 2053 (

139 2059 154 2093 (

142 2100 156 2134 (

142 2142 156 2175 (

140 2182 153 2215 (

56 2262 171 2295 'et-‚lilim-

144 2306 216 2342 (a)
236 2316 265 2344 p.
293 2317 360 2344 117.
383 2315 451 2340 118.
477 2319 545 2344 119·

143 2349 214 2383 (b)
238 2348 306 2378 Feli
330 2350 502 2381 domesticae
526 2360 619 2389 quam
636 2352 706 2384 ferae
737 2355 836 2386 minus
859 2355 896 2385 de
930 2353 987 2387 Bu
1000 2366 1016 2387 F
1029 2365 1046 2387 r
1059 2359 1078 2386 o
1093 2366 1116 2385 N
1137 2355 1242 2395 histoire
1270 2352 1406 2383 naturelle
1427 2350 1469 2383 T.
1491 2350 1533 2381 Ῑῐ.
1556 2361 1586 2390 p.
1602 2360 1649 2385 29·

58 2386 125 2432 Huc
150 2388 295 2431 referrem
320 2400 471 2422 venarum
494 2393 631 2426 brachii,
661 2404 728 2433 quae
750 2403 937 2428 evanuerant
951 2419 958 2432 ‚
986 2409 1039 2437 per
1062 2396 1230 2436 excitatam
1245 2402 1384 2427 naturam
1409 2393 1581 2424 electricam
1604 2403 1650 2423 re-

62 2427 273 2469 stltutmssem.»
285 2431 313 2465 ὃς
325 2434 448 2468 auctum
467 2440 548 2477 artus
569 2435 719 2469 ambitum
737 2436 766 2468 D
779 2449 797 2473 ε
811 2449 824 2470 s
838 2449 858 2471 u
867 2448 888 2469 A
900 2449 912 2468 1
928 2448 939 2467 s
961 2441 994 2470 ae
1006 2441 1145 2478 hcmzpseg.
