<?xml version="1.0" encoding="UTF-8"?>
<!DOCTYPE html PUBLIC "-//W3C//DTD XHTML 1.0 Transitional//EN"
    "http://www.w3.org/TR/xhtml1/DTD/xhtml1-transitional.dtd">
<html xmlns="http://www.w3.org/1999/xhtml" xml:lang="en" lang="en">
 <head>
  <title>
</title>
<meta http-equiv="Content-Type" content="text/html;charset=utf-8" />
  <meta name='ocr-system' content='tesseract 3.04.00' />
  <meta name='ocr-capabilities' content='ocr_page ocr_carea ocr_par ocr_line ocrx_word'/>
</head>
<body>
  <div class='ocr_page' id='page_1' title='image "./elementaphysiolo02hall_0197.png"; bbox 0 0 1968 2706; ppageno 0'>
   <div class='ocr_carea' id='block_1_1' title="bbox 345 137 1676 411">
    <p class='ocr_par' dir='ltr' id='par_1_1' title="bbox 345 137 1676 411">
     <span class='ocr_line' id='line_1_1' title="bbox 410 137 1676 184; baseline -0.008 -3"><span class='ocrx_word' id='word_1_1' title='bbox 410 141 658 184; x_wconf 89' lang='lat' dir='ltr'>MOTUS</span> <span class='ocrx_word' id='word_1_2' title='bbox 727 137 1275 180; x_wconf 86' lang='lat' dir='ltr'>PROGRESSIVUS.</span> <span class='ocrx_word' id='word_1_3' title='bbox 1604 142 1676 177; x_wconf 74' lang='lat'><strong>181</strong></span> 
     </span>
     <span class='ocr_line' id='line_1_2' title="bbox 765 256 996 304; baseline -0.013 -9"><span class='ocrx_word' id='word_1_4' title='bbox 765 264 797 304; x_wconf 60' lang='grc' dir='ltr'><strong>ς.</strong></span> <span class='ocrx_word' id='word_1_5' title='bbox 851 257 891 295; x_wconf 89' lang='lat' dir='ltr'>X</span> <span class='ocrx_word' id='word_1_6' title='bbox 916 258 929 295; x_wconf 85' lang='lat' dir='ltr'><strong>l</strong></span> <span class='ocrx_word' id='word_1_7' title='bbox 949 256 996 297; x_wconf 77' lang='lat' dir='ltr'><strong>X.</strong></span> 
     </span>
     <span class='ocr_line' id='line_1_3' title="bbox 345 351 1389 411; baseline -0.004 -13"><span class='ocrx_word' id='word_1_8' title='bbox 345 361 363 398; x_wconf 86' lang='lat' dir='ltr'>I</span> <span class='ocrx_word' id='word_1_9' title='bbox 383 361 427 399; x_wconf 91' lang='lat' dir='ltr'><strong>V.</strong></span> <span class='ocrx_word' id='word_1_10' title='bbox 489 354 544 398; x_wconf 82' lang='lat' dir='ltr'><strong>Et</strong></span> <span class='ocrx_word' id='word_1_11' title='bbox 567 357 712 411; x_wconf 60' lang='lat' dir='ltr'><strong>figure&amp;</strong></span> <span class='ocrx_word' id='word_1_12' title='bbox 749 354 790 397; x_wconf 85' lang='lat' dir='ltr'><strong>in</strong></span> <span class='ocrx_word' id='word_1_13' title='bbox 824 353 917 411; x_wconf 74' lang='lat' dir='ltr'><strong>vase</strong></span> <span class='ocrx_word' id='word_1_14' title='bbox 958 351 1122 395; x_wconf 76' lang='lat' dir='ltr'><strong>mutatio</strong></span> <span class='ocrx_word' id='word_1_15' title='bbox 1143 387 1153 401; x_wconf 89' lang='lat'><em>,</em></span> <span class='ocrx_word' id='word_1_16' title='bbox 1186 352 1231 395; x_wconf 80' lang='lat' dir='ltr'><strong>ob</strong></span> <span class='ocrx_word' id='word_1_17' title='bbox 1256 351 1389 409; x_wconf 75' lang='lat' dir='ltr'><strong>plicas.</strong></span> 
     </span>
    </p>
   </div>
   <div class='ocr_carea' id='block_1_2' title="bbox 40 474 1689 2108">
    <p class='ocr_par' dir='ltr' id='par_1_2' title="bbox 76 474 1680 708">
     <span class='ocr_line' id='line_1_4' title="bbox 159 474 1674 530; baseline -0.007 -11"><span class='ocrx_word' id='word_1_18' title='bbox 159 481 250 520; x_wconf 84' lang='lat' dir='ltr'><strong>Dixi</strong></span> <span class='ocrx_word' id='word_1_19' title='bbox 280 474 378 530; x_wconf 81' lang='lat' dir='ltr'><em>(l),</em></span> <span class='ocrx_word' id='word_1_20' title='bbox 414 479 553 515; x_wconf 86' lang='lat' dir='ltr'>arterias</span> <span class='ocrx_word' id='word_1_21' title='bbox 577 478 727 527; x_wconf 88' lang='lat' dir='ltr'><strong>quidem</strong></span> <span class='ocrx_word' id='word_1_22' title='bbox 757 489 802 514; x_wconf 84' lang='lat' dir='ltr'><strong>ex</strong></span> <span class='ocrx_word' id='word_1_23' title='bbox 826 474 891 512; x_wconf 86' lang='lat' dir='ltr'><strong>fitu</strong></span> <span class='ocrx_word' id='word_1_24' title='bbox 919 475 984 512; x_wconf 87' lang='lat' dir='ltr'><strong>suo</strong></span> <span class='ocrx_word' id='word_1_25' title='bbox 1017 482 1136 513; x_wconf 86' lang='lat' dir='ltr'><strong>motas</strong></span> <span class='ocrx_word' id='word_1_26' title='bbox 1162 476 1296 512; x_wconf 85' lang='lat' dir='ltr'><strong>restitui</strong></span> <span class='ocrx_word' id='word_1_27' title='bbox 1334 474 1443 523; x_wconf 91' lang='lat' dir='ltr'><strong>paulo</strong></span> <span class='ocrx_word' id='word_1_28' title='bbox 1481 474 1587 522; x_wconf 86' lang='lat' dir='ltr'><strong>post,</strong></span> <span class='ocrx_word' id='word_1_29' title='bbox 1623 474 1674 509; x_wconf 87' lang='lat' dir='ltr'><strong>in-</strong></span> 
     </span>
     <span class='ocr_line' id='line_1_5' title="bbox 76 532 1680 592; baseline -0.007 -13"><span class='ocrx_word' id='word_1_30' title='bbox 76 553 146 592; x_wconf 86' lang='lat' dir='ltr'><strong>que</strong></span> <span class='ocrx_word' id='word_1_31' title='bbox 168 553 207 579; x_wconf 87' lang='lat' dir='ltr'><strong>ea</strong></span> <span class='ocrx_word' id='word_1_32' title='bbox 232 538 457 576; x_wconf 90' lang='lat' dir='ltr'><strong>restitutione</strong></span> <span class='ocrx_word' id='word_1_33' title='bbox 487 536 639 574; x_wconf 88' lang='lat' dir='ltr'><strong>fluidum</strong></span> <span class='ocrx_word' id='word_1_34' title='bbox 668 535 775 573; x_wconf 88' lang='lat' dir='ltr'><strong>vitale</strong></span> <span class='ocrx_word' id='word_1_35' title='bbox 806 546 937 583; x_wconf 87' lang='lat' dir='ltr'><strong>urgere</strong></span> <span class='ocrx_word' id='word_1_36' title='bbox 954 560 965 579; x_wconf 86' lang='lat'>,</span> <span class='ocrx_word' id='word_1_37' title='bbox 990 545 1109 583; x_wconf 88' lang='lat' dir='ltr'><strong>neque</strong></span> <span class='ocrx_word' id='word_1_38' title='bbox 1149 534 1243 571; x_wconf 83' lang='lat' dir='ltr'><strong>adeo</strong></span> <span class='ocrx_word' id='word_1_39' title='bbox 1270 534 1343 570; x_wconf 89' lang='lat' dir='ltr'><strong>vim</strong></span> <span class='ocrx_word' id='word_1_40' title='bbox 1378 540 1493 571; x_wconf 84' lang='lat' dir='ltr'><strong>totam</strong></span> <span class='ocrx_word' id='word_1_41' title='bbox 1528 532 1643 582; x_wconf 87' lang='lat' dir='ltr'><strong>perire</strong></span> <span class='ocrx_word' id='word_1_42' title='bbox 1669 556 1680 574; x_wconf 83' lang='lat'>‚</span> 
     </span>
     <span class='ocr_line' id='line_1_6' title="bbox 77 589 1679 650; baseline -0.007 -14"><span class='ocrx_word' id='word_1_43' title='bbox 77 612 145 650; x_wconf 91' lang='lat' dir='ltr'><strong>qua</strong></span> <span class='ocrx_word' id='word_1_44' title='bbox 174 599 281 635; x_wconf 85' lang='lat' dir='ltr'><strong>latera</strong></span> <span class='ocrx_word' id='word_1_45' title='bbox 304 597 510 634; x_wconf 74' lang='lat' dir='ltr'>arteriarum</span> <span class='ocrx_word' id='word_1_46' title='bbox 538 594 794 633; x_wconf 86' lang='lat' dir='ltr'><strong>distenduntur</strong></span> <span class='ocrx_word' id='word_1_47' title='bbox 822 623 832 638; x_wconf 89' lang='lat'><strong>,</strong></span> <span class='ocrx_word' id='word_1_48' title='bbox 875 595 911 630; x_wconf 64' lang='grc' dir='ltr'><strong>ἃ</strong></span> <span class='ocrx_word' id='word_1_49' title='bbox 944 600 1155 635; x_wconf 88' lang='lat' dir='ltr'><strong>mutantur,</strong></span> <span class='ocrx_word' id='word_1_50' title='bbox 1188 593 1223 629; x_wconf 62' lang='grc' dir='ltr'><strong>ὃς</strong></span> <span class='ocrx_word' id='word_1_51' title='bbox 1258 604 1328 641; x_wconf 86' lang='lat' dir='ltr'><strong>qua</strong></span> <span class='ocrx_word' id='word_1_52' title='bbox 1364 594 1497 630; x_wconf 85' lang='lat' dir='ltr'><strong>arteriae</strong></span> <span class='ocrx_word' id='word_1_53' title='bbox 1536 589 1679 628; x_wconf 79' lang='lat' dir='ltr'><strong>inflexae</strong></span> 
     </span>
     <span class='ocr_line' id='line_1_7' title="bbox 76 650 1374 708; baseline -0.006 -13"><span class='ocrx_word' id='word_1_54' title='bbox 76 670 153 708; x_wconf 84' lang='lat' dir='ltr'><strong>pars</strong></span> <span class='ocrx_word' id='word_1_55' title='bbox 183 656 335 694; x_wconf 85' lang='lat' dir='ltr'><strong>lecunda</strong></span> <span class='ocrx_word' id='word_1_56' title='bbox 362 668 380 693; x_wconf 91' lang='lat' dir='ltr'><strong>a</strong></span> <span class='ocrx_word' id='word_1_57' title='bbox 408 656 591 704; x_wconf 81' lang='lat' dir='ltr'><strong>principio</strong></span> <span class='ocrx_word' id='word_1_58' title='bbox 626 661 748 692; x_wconf 89' lang='lat' dir='ltr'><strong>motus</strong></span> <span class='ocrx_word' id='word_1_59' title='bbox 772 654 938 691; x_wconf 86' lang='lat' dir='ltr'><strong>educitur</strong></span> <span class='ocrx_word' id='word_1_60' title='bbox 970 652 1006 688; x_wconf 88' lang='lat'>&amp;</span> <span class='ocrx_word' id='word_1_61' title='bbox 1032 651 1218 703; x_wconf 83' lang='lat' dir='ltr'><strong>repellitur</strong></span> <span class='ocrx_word' id='word_1_62' title='bbox 1258 650 1374 697; x_wconf 83' lang='lat' dir='ltr'><strong>(m).</strong></span> 
     </span>
    </p>

    <p class='ocr_par' dir='ltr' id='par_1_3' title="bbox 75 710 1678 998">
     <span class='ocr_line' id='line_1_8' title="bbox 161 710 1675 763; baseline -0.005 -11"><span class='ocrx_word' id='word_1_63' title='bbox 161 715 336 763; x_wconf 81' lang='lat' dir='ltr'>Magnam</span> <span class='ocrx_word' id='word_1_64' title='bbox 360 721 481 752; x_wconf 88' lang='lat' dir='ltr'><strong>tamen</strong></span> <span class='ocrx_word' id='word_1_65' title='bbox 509 721 647 762; x_wconf 83' lang='lat' dir='ltr'><strong>partem</strong></span> <span class='ocrx_word' id='word_1_66' title='bbox 676 721 797 751; x_wconf 88' lang='lat' dir='ltr'><strong>motus</strong></span> <span class='ocrx_word' id='word_1_67' title='bbox 830 713 969 760; x_wconf 88' lang='lat' dir='ltr'><strong>accepti</strong></span> <span class='ocrx_word' id='word_1_68' title='bbox 999 713 1037 747; x_wconf 91' lang='lat' dir='ltr'><strong>in</strong></span> <span class='ocrx_word' id='word_1_69' title='bbox 1063 711 1266 748; x_wconf 81' lang='lat' dir='ltr'><strong>mutatione</strong></span> <span class='ocrx_word' id='word_1_70' title='bbox 1297 711 1528 747; x_wconf 87' lang='lat' dir='ltr'><strong>minimarum</strong></span> <span class='ocrx_word' id='word_1_71' title='bbox 1564 710 1675 758; x_wconf 84' lang='lat' dir='ltr'><strong>parti-</strong></span> 
     </span>
     <span class='ocr_line' id='line_1_9' title="bbox 77 768 1674 822; baseline -0.005 -10"><span class='ocrx_word' id='word_1_72' title='bbox 77 775 265 818; x_wconf 78' lang='lat' dir='ltr'><strong>cularum,</strong></span> <span class='ocrx_word' id='word_1_73' title='bbox 295 785 374 822; x_wconf 72' lang='lat' dir='ltr'><strong>quae</strong></span> <span class='ocrx_word' id='word_1_74' title='bbox 398 773 560 809; x_wconf 77' lang='lat' dir='ltr'><strong>canalem</strong></span> <span class='ocrx_word' id='word_1_75' title='bbox 586 774 833 815; x_wconf 82' lang='lat' dir='ltr'><strong>constituunt,</strong></span> <span class='ocrx_word' id='word_1_76' title='bbox 866 772 1008 819; x_wconf 85' lang='lat' dir='ltr'><strong>perire,</strong></span> <span class='ocrx_word' id='word_1_77' title='bbox 1048 771 1175 819; x_wconf 89' lang='lat' dir='ltr'><strong>utique</strong></span> <span class='ocrx_word' id='word_1_78' title='bbox 1202 778 1341 806; x_wconf 89' lang='lat' dir='ltr'><strong>certum</strong></span> <span class='ocrx_word' id='word_1_79' title='bbox 1372 769 1431 806; x_wconf 89' lang='lat' dir='ltr'><strong>est.</strong></span> <span class='ocrx_word' id='word_1_80' title='bbox 1491 768 1674 805; x_wconf 83' lang='lat' dir='ltr'><strong>Mutatio-</strong></span> 
     </span>
     <span class='ocr_line' id='line_1_10' title="bbox 75 826 1671 881; baseline -0.004 -12"><span class='ocrx_word' id='word_1_81' title='bbox 75 844 162 870; x_wconf 85' lang='lat' dir='ltr'><strong>nem</strong></span> <span class='ocrx_word' id='word_1_82' title='bbox 195 845 310 875; x_wconf 87' lang='lat' dir='ltr'><strong>vero,</strong></span> <span class='ocrx_word' id='word_1_83' title='bbox 339 843 417 881; x_wconf 77' lang='lat' dir='ltr'><strong>quae</strong></span> <span class='ocrx_word' id='word_1_84' title='bbox 444 831 483 867; x_wconf 85' lang='lat' dir='ltr'><strong>fit</strong></span> <span class='ocrx_word' id='word_1_85' title='bbox 517 833 554 867; x_wconf 89' lang='lat' dir='ltr'><strong>in</strong></span> <span class='ocrx_word' id='word_1_86' title='bbox 587 831 750 868; x_wconf 65' lang='lat' dir='ltr'><strong>flexian:</strong></span> <span class='ocrx_word' id='word_1_87' title='bbox 793 841 990 879; x_wconf 88' lang='lat' dir='ltr'><strong>corporum</strong></span> <span class='ocrx_word' id='word_1_88' title='bbox 1023 855 1034 872; x_wconf 68' lang='lat'>7</span> <span class='ocrx_word' id='word_1_89' title='bbox 1071 840 1239 876; x_wconf 86' lang='lat' dir='ltr'><strong>magnam</strong></span> <span class='ocrx_word' id='word_1_90' title='bbox 1276 826 1472 865; x_wconf 78' lang='lat' dir='ltr'><strong>cohaefioni</strong></span> <span class='ocrx_word' id='word_1_91' title='bbox 1500 828 1671 863; x_wconf 87' lang='lat' dir='ltr'><strong>minimo-</strong></span> 
     </span>
     <span class='ocr_line' id='line_1_11' title="bbox 75 886 1678 937; baseline -0.005 -8"><span class='ocrx_word' id='word_1_92' title='bbox 75 905 155 929; x_wconf 72' lang='lat' dir='ltr'><strong>rum</strong></span> <span class='ocrx_word' id='word_1_93' title='bbox 187 892 453 929; x_wconf 85' lang='lat' dir='ltr'><strong>elementorum</strong></span> <span class='ocrx_word' id='word_1_94' title='bbox 480 892 553 926; x_wconf 87' lang='lat' dir='ltr'><strong>vim</strong></span> <span class='ocrx_word' id='word_1_95' title='bbox 593 888 723 926; x_wconf 86' lang='lat' dir='ltr'><strong>inferre</strong></span> <span class='ocrx_word' id='word_1_96' title='bbox 754 890 918 930; x_wconf 84' lang='lat' dir='ltr'><strong>constat,</strong></span> <span class='ocrx_word' id='word_1_97' title='bbox 946 899 1028 924; x_wconf 86' lang='lat' dir='ltr'><strong>cum</strong></span> <span class='ocrx_word' id='word_1_98' title='bbox 1062 900 1102 925; x_wconf 86' lang='lat' dir='ltr'><strong>ea</strong></span> <span class='ocrx_word' id='word_1_99' title='bbox 1133 888 1229 930; x_wconf 88' lang='lat' dir='ltr'><strong>sola,</strong></span> <span class='ocrx_word' id='word_1_100' title='bbox 1265 888 1414 937; x_wconf 87' lang='lat' dir='ltr'><strong>repetita</strong></span> <span class='ocrx_word' id='word_1_101' title='bbox 1432 913 1444 930; x_wconf 83' lang='lat'>‚</span> <span class='ocrx_word' id='word_1_102' title='bbox 1473 886 1597 923; x_wconf 88' lang='lat' dir='ltr'><strong>onmia</strong></span> <span class='ocrx_word' id='word_1_103' title='bbox 1617 891 1678 921; x_wconf 83' lang='lat' dir='ltr'><strong>aut</strong></span> 
     </span>
     <span class='ocr_line' id='line_1_12' title="bbox 76 946 1674 998; baseline -0.006 -11"><span class='ocrx_word' id='word_1_104' title='bbox 76 949 303 992; x_wconf 75' lang='lat' dir='ltr'><strong>solidissima,</strong></span> <span class='ocrx_word' id='word_1_105' title='bbox 331 958 392 986; x_wconf 88' lang='lat' dir='ltr'><strong>aut</strong></span> <span class='ocrx_word' id='word_1_106' title='bbox 425 948 634 985; x_wconf 73' lang='lat' dir='ltr'><strong>flexiliffima</strong></span> <span class='ocrx_word' id='word_1_107' title='bbox 658 960 814 997; x_wconf 86' lang='lat' dir='ltr'><strong>corpora</strong></span> <span class='ocrx_word' id='word_1_108' title='bbox 832 976 841 990; x_wconf 94' lang='lat'>,</span> <span class='ocrx_word' id='word_1_109' title='bbox 860 947 968 998; x_wconf 83' lang='lat' dir='ltr'><strong>paulo</strong></span> <span class='ocrx_word' id='word_1_110' title='bbox 997 947 1100 983; x_wconf 77' lang='lat' dir='ltr'><strong>citius</strong></span> <span class='ocrx_word' id='word_1_111' title='bbox 1133 947 1289 995; x_wconf 84' lang='lat' dir='ltr'><strong>paulove</strong></span> <span class='ocrx_word' id='word_1_112' title='bbox 1313 946 1420 982; x_wconf 87' lang='lat' dir='ltr'><strong>serius</strong></span> <span class='ocrx_word' id='word_1_113' title='bbox 1447 951 1674 993; x_wconf 79' lang='lat' dir='ltr'><strong>rumpantur.</strong></span> 
     </span>
    </p>

    <p class='ocr_par' dir='ltr' id='par_1_4' title="bbox 77 1004 1679 1291">
     <span class='ocr_line' id='line_1_13' title="bbox 163 1004 1677 1046; baseline -0.005 0"><span class='ocrx_word' id='word_1_114' title='bbox 163 1008 234 1046; x_wconf 88' lang='lat' dir='ltr'><strong>Sed</strong></span> <span class='ocrx_word' id='word_1_115' title='bbox 264 1010 370 1045; x_wconf 86' lang='lat' dir='ltr'><strong>etiam</strong></span> <span class='ocrx_word' id='word_1_116' title='bbox 402 1008 439 1043; x_wconf 90' lang='lat' dir='ltr'><strong>in</strong></span> <span class='ocrx_word' id='word_1_117' title='bbox 468 1007 683 1044; x_wconf 84' lang='lat' dir='ltr'><strong>solidiffimis</strong></span> <span class='ocrx_word' id='word_1_118' title='bbox 711 1007 747 1043; x_wconf 66' lang='grc' dir='ltr'><strong>δε</strong></span> <span class='ocrx_word' id='word_1_119' title='bbox 772 1006 950 1043; x_wconf 79' lang='lat' dir='ltr'><strong>levissimis</strong></span> <span class='ocrx_word' id='word_1_120' title='bbox 981 1005 1074 1042; x_wconf 87' lang='lat' dir='ltr'><strong>tubis</strong></span> <span class='ocrx_word' id='word_1_121' title='bbox 1104 1006 1257 1042; x_wconf 88' lang='lat' dir='ltr'><strong>curvitas</strong></span> <span class='ocrx_word' id='word_1_122' title='bbox 1282 1004 1503 1042; x_wconf 81' lang='lat' dir='ltr'><strong>celeritatem</strong></span> <span class='ocrx_word' id='word_1_123' title='bbox 1523 1004 1677 1045; x_wconf 77' lang='lat' dir='ltr'><strong>minuit,</strong></span> 
     </span>
     <span class='ocr_line' id='line_1_14' title="bbox 77 1060 1677 1116; baseline -0.006 -11"><span class='ocrx_word' id='word_1_124' title='bbox 77 1068 165 1105; x_wconf 81' lang='lat' dir='ltr'><strong>dum</strong></span> <span class='ocrx_word' id='word_1_125' title='bbox 194 1067 450 1116; x_wconf 86' lang='lat' dir='ltr'><strong>particularum</strong></span> <span class='ocrx_word' id='word_1_126' title='bbox 480 1064 581 1102; x_wconf 88' lang='lat' dir='ltr'><strong>fluidi</strong></span> <span class='ocrx_word' id='word_1_127' title='bbox 605 1067 642 1101; x_wconf 89' lang='lat' dir='ltr'><strong>in</strong></span> <span class='ocrx_word' id='word_1_128' title='bbox 679 1068 830 1114; x_wconf 86' lang='lat' dir='ltr'><strong>parietes</strong></span> <span class='ocrx_word' id='word_1_129' title='bbox 860 1064 1002 1112; x_wconf 83' lang='lat' dir='ltr'><strong>illapsus</strong></span> <span class='ocrx_word' id='word_1_130' title='bbox 1023 1092 1032 1106; x_wconf 93' lang='lat'><strong>,</strong></span> <span class='ocrx_word' id='word_1_131' title='bbox 1069 1071 1176 1112; x_wconf 83' lang='lat' dir='ltr'><strong>atque</strong></span> <span class='ocrx_word' id='word_1_132' title='bbox 1216 1063 1307 1101; x_wconf 87' lang='lat' dir='ltr'><strong>adeo</strong></span> <span class='ocrx_word' id='word_1_133' title='bbox 1353 1070 1477 1100; x_wconf 87' lang='lat' dir='ltr'><strong>contra</strong></span> <span class='ocrx_word' id='word_1_134' title='bbox 1509 1060 1677 1099; x_wconf 81' lang='lat' dir='ltr'><strong>minimas</strong></span> 
     </span>
     <span class='ocr_line' id='line_1_15' title="bbox 77 1119 1678 1179; baseline -0.005 -16"><span class='ocrx_word' id='word_1_135' title='bbox 77 1126 277 1179; x_wconf 74' lang='lat' dir='ltr'><strong>asperitates</strong></span> <span class='ocrx_word' id='word_1_136' title='bbox 306 1135 434 1163; x_wconf 88' lang='lat' dir='ltr'><strong>earum</strong></span> <span class='ocrx_word' id='word_1_137' title='bbox 459 1124 720 1173; x_wconf 83' lang='lat' dir='ltr'><strong>particularum</strong></span> <span class='ocrx_word' id='word_1_138' title='bbox 760 1121 1038 1161; x_wconf 71' lang='lat' dir='ltr'><strong>confriffionem</strong></span> <span class='ocrx_word' id='word_1_139' title='bbox 1083 1128 1202 1170; x_wconf 80' lang='lat' dir='ltr'><strong>auget.</strong></span> <span class='ocrx_word' id='word_1_140' title='bbox 1247 1122 1291 1158; x_wconf 83' lang='lat' dir='ltr'><strong>In</strong></span> <span class='ocrx_word' id='word_1_141' title='bbox 1333 1122 1457 1159; x_wconf 83' lang='lat' dir='ltr'><strong>canale</strong></span> <span class='ocrx_word' id='word_1_142' title='bbox 1496 1122 1593 1158; x_wconf 89' lang='lat' dir='ltr'><strong>enim</strong></span> <span class='ocrx_word' id='word_1_143' title='bbox 1635 1119 1678 1155; x_wconf 84' lang='lat' dir='ltr'><strong>ad</strong></span> 
     </span>
     <span class='ocr_line' id='line_1_16' title="bbox 79 1178 1679 1233; baseline -0.004 -12"><span class='ocrx_word' id='word_1_144' title='bbox 79 1185 254 1233; x_wconf 80' lang='lat' dir='ltr'><strong>angulum</strong></span> <span class='ocrx_word' id='word_1_145' title='bbox 282 1185 415 1222; x_wconf 64' lang='lat' dir='ltr'><strong>redium</strong></span> <span class='ocrx_word' id='word_1_146' title='bbox 432 1183 530 1220; x_wconf 82' lang='lat' dir='ltr'><strong>flexo</strong></span> <span class='ocrx_word' id='word_1_147' title='bbox 550 1211 560 1225; x_wconf 85' lang='lat'>‚</span> <span class='ocrx_word' id='word_1_148' title='bbox 584 1183 686 1220; x_wconf 85' lang='lat' dir='ltr'><strong>facile</strong></span> <span class='ocrx_word' id='word_1_149' title='bbox 712 1183 927 1231; x_wconf 81' lang='lat' dir='ltr'><strong>intelligitur</strong></span> <span class='ocrx_word' id='word_1_150' title='bbox 941 1211 950 1225; x_wconf 89' lang='lat'>‚</span> <span class='ocrx_word' id='word_1_151' title='bbox 969 1182 1165 1218; x_wconf 77' lang='lat' dir='ltr'><strong>maximam</strong></span> <span class='ocrx_word' id='word_1_152' title='bbox 1182 1209 1191 1224; x_wconf 90' lang='lat'><strong>,</strong></span> <span class='ocrx_word' id='word_1_153' title='bbox 1210 1188 1347 1229; x_wconf 87' lang='lat' dir='ltr'><strong>partem</strong></span> <span class='ocrx_word' id='word_1_154' title='bbox 1376 1180 1502 1217; x_wconf 85' lang='lat' dir='ltr'><strong>fluenti</strong></span> <span class='ocrx_word' id='word_1_155' title='bbox 1518 1179 1607 1216; x_wconf 62' lang='lat' dir='ltr'><strong>reita</strong></span> <span class='ocrx_word' id='word_1_156' title='bbox 1638 1178 1679 1213; x_wconf 78' lang='lat' dir='ltr'><strong>il-</strong></span> 
     </span>
     <span class='ocr_line' id='line_1_17' title="bbox 78 1233 1206 1291; baseline -0.003 -12"><span class='ocrx_word' id='word_1_157' title='bbox 78 1243 149 1281; x_wconf 87' lang='lat' dir='ltr'><strong>labi</strong></span> <span class='ocrx_word' id='word_1_158' title='bbox 171 1245 208 1280; x_wconf 91' lang='lat' dir='ltr'><strong>in</strong></span> <span class='ocrx_word' id='word_1_159' title='bbox 243 1243 388 1280; x_wconf 81' lang='lat' dir='ltr'><strong>secundi</strong></span> <span class='ocrx_word' id='word_1_160' title='bbox 409 1242 527 1280; x_wconf 82' lang='lat' dir='ltr'><strong>lateris</strong></span> <span class='ocrx_word' id='word_1_161' title='bbox 553 1233 752 1289; x_wconf 77' lang='lat' dir='ltr'><strong>gnomonis</strong></span> <span class='ocrx_word' id='word_1_162' title='bbox 781 1244 959 1291; x_wconf 74' lang='lat' dir='ltr'><strong>parietem</strong></span> <span class='ocrx_word' id='word_1_163' title='bbox 986 1239 1206 1277; x_wconf 84' lang='lat' dir='ltr'><strong>ulteriorem.</strong></span> 
     </span>
    </p>

    <p class='ocr_par' dir='ltr' id='par_1_5' title="bbox 40 1294 1683 1707">
     <span class='ocr_line' id='line_1_18' title="bbox 165 1294 1676 1349; baseline -0.004 -11"><span class='ocrx_word' id='word_1_164' title='bbox 165 1302 287 1347; x_wconf 78' lang='lat' dir='ltr'><strong>QJare</strong></span> <span class='ocrx_word' id='word_1_165' title='bbox 303 1328 314 1346; x_wconf 73' lang='lat'>‚</span> <span class='ocrx_word' id='word_1_166' title='bbox 340 1300 401 1338; x_wconf 87' lang='lat' dir='ltr'><strong>etfi</strong></span> <span class='ocrx_word' id='word_1_167' title='bbox 428 1302 464 1338; x_wconf 89' lang='lat' dir='ltr'><strong>in</strong></span> <span class='ocrx_word' id='word_1_168' title='bbox 485 1299 662 1348; x_wconf 82' lang='lat' dir='ltr'><strong>ejusmodi</strong></span> <span class='ocrx_word' id='word_1_169' title='bbox 686 1301 867 1339; x_wconf 82' lang='lat' dir='ltr'><strong>canalibus</strong></span> <span class='ocrx_word' id='word_1_170' title='bbox 890 1329 900 1343; x_wconf 89' lang='lat'>,</span> <span class='ocrx_word' id='word_1_171' title='bbox 927 1299 1160 1349; x_wconf 87' lang='lat' dir='ltr'><strong>liquidiffimo</strong></span> <span class='ocrx_word' id='word_1_172' title='bbox 1186 1299 1342 1336; x_wconf 88' lang='lat' dir='ltr'><strong>humore</strong></span> <span class='ocrx_word' id='word_1_173' title='bbox 1370 1297 1485 1347; x_wconf 86' lang='lat' dir='ltr'><strong>plenis</strong></span> <span class='ocrx_word' id='word_1_174' title='bbox 1501 1326 1510 1340; x_wconf 86' lang='lat'><strong>‚</strong></span> <span class='ocrx_word' id='word_1_175' title='bbox 1539 1294 1676 1333; x_wconf 84' lang='lat' dir='ltr'><strong>nullam</strong></span> 
     </span>
     <span class='ocr_line' id='line_1_19' title="bbox 78 1355 1678 1409; baseline -0.004 -12"><span class='ocrx_word' id='word_1_176' title='bbox 78 1361 358 1398; x_wconf 72' lang='lat' dir='ltr'><strong>retardationem</strong></span> <span class='ocrx_word' id='word_1_177' title='bbox 382 1360 599 1398; x_wconf 83' lang='lat' dir='ltr'><strong>admiserunt</strong></span> <span class='ocrx_word' id='word_1_178' title='bbox 619 1361 684 1396; x_wconf 89' lang='lat' dir='ltr'><strong>viri</strong></span> <span class='ocrx_word' id='word_1_179' title='bbox 712 1359 890 1397; x_wconf 76' lang='lat' dir='ltr'><strong>clarissimi</strong></span> <span class='ocrx_word' id='word_1_180' title='bbox 913 1358 990 1409; x_wconf 87' lang='lat' dir='ltr'><strong>(n)</strong></span> <span class='ocrx_word' id='word_1_181' title='bbox 1007 1385 1019 1401; x_wconf 89' lang='grc'>,</span> <span class='ocrx_word' id='word_1_182' title='bbox 1038 1359 1286 1406; x_wconf 81' lang='lat' dir='ltr'><strong>experimenta</strong></span> <span class='ocrx_word' id='word_1_183' title='bbox 1315 1364 1436 1394; x_wconf 89' lang='lat' dir='ltr'><strong>tamen</strong></span> <span class='ocrx_word' id='word_1_184' title='bbox 1461 1355 1678 1397; x_wconf 86' lang='lat' dir='ltr'><strong>ostendunt,</strong></span> 
     </span>
     <span class='ocr_line' id='line_1_20' title="bbox 79 1414 1682 1468; baseline -0.004 -12"><span class='ocrx_word' id='word_1_185' title='bbox 79 1421 204 1468; x_wconf 87' lang='lat' dir='ltr'><strong>utique</strong></span> <span class='ocrx_word' id='word_1_186' title='bbox 247 1421 354 1456; x_wconf 85' lang='lat' dir='ltr'><strong>etiam</strong></span> <span class='ocrx_word' id='word_1_187' title='bbox 400 1421 437 1455; x_wconf 86' lang='lat' dir='ltr'><strong>in</strong></span> <span class='ocrx_word' id='word_1_188' title='bbox 482 1418 536 1454; x_wconf 86' lang='lat' dir='ltr'><strong>his</strong></span> <span class='ocrx_word' id='word_1_189' title='bbox 577 1418 671 1454; x_wconf 85' lang='lat' dir='ltr'><strong>tubis</strong></span> <span class='ocrx_word' id='word_1_190' title='bbox 712 1418 910 1455; x_wconf 82' lang='lat' dir='ltr'><strong>flexionem</strong></span> <span class='ocrx_word' id='word_1_191' title='bbox 957 1429 1126 1464; x_wconf 83' lang='lat' dir='ltr'><strong>magnam</strong></span> <span class='ocrx_word' id='word_1_192' title='bbox 1170 1424 1308 1465; x_wconf 89' lang='lat' dir='ltr'><strong>partem</strong></span> <span class='ocrx_word' id='word_1_193' title='bbox 1349 1422 1505 1463; x_wconf 78' lang='lat' dir='ltr'><strong>acceptae</strong></span> <span class='ocrx_word' id='word_1_194' title='bbox 1550 1414 1682 1451; x_wconf 86' lang='lat' dir='ltr'><strong>celeri-</strong></span> 
     </span>
     <span class='ocr_line' id='line_1_21' title="bbox 81 1473 1679 1527; baseline -0.003 -14"><span class='ocrx_word' id='word_1_195' title='bbox 81 1480 160 1514; x_wconf 83' lang='lat' dir='ltr'><strong>tatis</strong></span> <span class='ocrx_word' id='word_1_196' title='bbox 189 1477 366 1515; x_wconf 84' lang='lat' dir='ltr'><strong>destruere</strong></span> <span class='ocrx_word' id='word_1_197' title='bbox 393 1477 495 1525; x_wconf 90' lang='grc' dir='ltr'>(ο).</span> <span class='ocrx_word' id='word_1_198' title='bbox 531 1474 669 1514; x_wconf 86' lang='lat' dir='ltr'><strong>Datam</strong></span> <span class='ocrx_word' id='word_1_199' title='bbox 707 1489 810 1527; x_wconf 80' lang='lat' dir='ltr'><strong>aquae</strong></span> <span class='ocrx_word' id='word_1_200' title='bbox 844 1479 993 1525; x_wconf 79' lang='lat' dir='ltr'><strong>copiam</strong></span> <span class='ocrx_word' id='word_1_201' title='bbox 1029 1476 1142 1513; x_wconf 62' lang='lat' dir='ltr'><strong>retius</strong></span> <span class='ocrx_word' id='word_1_202' title='bbox 1184 1475 1316 1512; x_wconf 64' lang='lat' dir='ltr'><strong>canalis</strong></span> <span class='ocrx_word' id='word_1_203' title='bbox 1349 1473 1554 1510; x_wconf 74' lang='lat' dir='ltr'><strong>transmittit</strong></span> <span class='ocrx_word' id='word_1_204' title='bbox 1589 1474 1679 1508; x_wconf 86' lang='lat' dir='ltr'><strong>intra</strong></span> 
     </span>
     <span class='ocr_line' id='line_1_22' title="bbox 82 1529 1682 1587; baseline -0.004 -15"><span class='ocrx_word' id='word_1_205' title='bbox 82 1536 304 1587; x_wconf 83' lang='lat' dir='ltr'><strong>tempuscula</strong></span> <span class='ocrx_word' id='word_1_206' title='bbox 333 1548 482 1573; x_wconf 84' lang='lat' dir='ltr'><strong>novem.</strong></span> <span class='ocrx_word' id='word_1_207' title='bbox 526 1534 630 1571; x_wconf 88' lang='lat' dir='ltr'><strong>Idem</strong></span> <span class='ocrx_word' id='word_1_208' title='bbox 650 1562 658 1577; x_wconf 95' lang='lat'><strong>‚</strong></span> <span class='ocrx_word' id='word_1_209' title='bbox 683 1544 744 1572; x_wconf 86' lang='lat' dir='ltr'><strong>aut</strong></span> <span class='ocrx_word' id='word_1_210' title='bbox 771 1536 916 1584; x_wconf 67' lang='lat' dir='ltr'><strong>aequalis</strong></span> <span class='ocrx_word' id='word_1_211' title='bbox 941 1535 1072 1572; x_wconf 83' lang='lat' dir='ltr'><strong>canalis</strong></span> <span class='ocrx_word' id='word_1_212' title='bbox 1090 1560 1102 1578; x_wconf 86' lang='lat'>,</span> <span class='ocrx_word' id='word_1_213' title='bbox 1132 1542 1258 1582; x_wconf 87' lang='lat' dir='ltr'><strong>quater</strong></span> <span class='ocrx_word' id='word_1_214' title='bbox 1280 1533 1419 1575; x_wconf 73' lang='lat' dir='ltr'><strong>flexus,</strong></span> <span class='ocrx_word' id='word_1_215' title='bbox 1447 1544 1496 1578; x_wconf 86' lang='lat'><strong>14</strong></span> <span class='ocrx_word' id='word_1_216' title='bbox 1526 1529 1682 1579; x_wconf 87' lang='lat' dir='ltr'><strong>tempus-</strong></span> 
     </span>
     <span class='ocr_line' id='line_1_23' title="bbox 84 1589 1683 1644; baseline -0.003 -14"><span class='ocrx_word' id='word_1_217' title='bbox 84 1595 164 1631; x_wconf 81' lang='lat' dir='ltr'><strong>cula</strong></span> <span class='ocrx_word' id='word_1_218' title='bbox 193 1596 370 1644; x_wconf 83' lang='lat' dir='ltr'><strong>requirit,</strong></span> <span class='ocrx_word' id='word_1_219' title='bbox 402 1602 442 1632; x_wconf 92' lang='lat' dir='ltr'><strong>ut</strong></span> <span class='ocrx_word' id='word_1_220' title='bbox 469 1593 598 1631; x_wconf 84' lang='lat' dir='ltr'><strong>eadem</strong></span> <span class='ocrx_word' id='word_1_221' title='bbox 632 1605 733 1643; x_wconf 67' lang='lat' dir='ltr'><strong>aquae</strong></span> <span class='ocrx_word' id='word_1_222' title='bbox 763 1597 869 1643; x_wconf 85' lang='lat' dir='ltr'><strong>copia</strong></span> <span class='ocrx_word' id='word_1_223' title='bbox 897 1594 1076 1643; x_wconf 80' lang='lat' dir='ltr'><strong>perfluat,</strong></span> <span class='ocrx_word' id='word_1_224' title='bbox 1103 1593 1137 1628; x_wconf 68' lang='grc' dir='ltr'>ἃ</span> <span class='ocrx_word' id='word_1_225' title='bbox 1172 1599 1217 1634; x_wconf 82' lang='lat'><strong>18</strong></span> <span class='ocrx_word' id='word_1_226' title='bbox 1239 1621 1248 1635; x_wconf 91' lang='lat'>,</span> <span class='ocrx_word' id='word_1_227' title='bbox 1275 1590 1299 1627; x_wconf 82' lang='lat' dir='ltr'><strong>fi</strong></span> <span class='ocrx_word' id='word_1_228' title='bbox 1332 1591 1438 1628; x_wconf 64' lang='lat' dir='ltr'><strong>octies</strong></span> <span class='ocrx_word' id='word_1_229' title='bbox 1463 1590 1574 1627; x_wconf 83' lang='lat' dir='ltr'><strong>flexus</strong></span> <span class='ocrx_word' id='word_1_230' title='bbox 1606 1589 1683 1627; x_wconf 89' lang='lat' dir='ltr'><strong>fue-</strong></span> 
     </span>
     <span class='ocr_line' id='line_1_24' title="bbox 40 1660 136 1707; baseline 0.021 -19"><span class='ocrx_word' id='word_1_231' title='bbox 40 1703 43 1707; x_wconf 20' lang='lat'><em>*</em></span> <span class='ocrx_word' id='word_1_232' title='bbox 83 1660 136 1690; x_wconf 85' lang='lat' dir='ltr'><strong>rit.</strong></span> 
     </span>
    </p>

    <p class='ocr_par' dir='ltr' id='par_1_6' title="bbox 84 1706 1689 2053">
     <span class='ocr_line' id='line_1_25' title="bbox 168 1706 1681 1763; baseline -0.003 -17"><span class='ocrx_word' id='word_1_233' title='bbox 168 1710 256 1747; x_wconf 85' lang='lat' dir='ltr'><strong>Non</strong></span> <span class='ocrx_word' id='word_1_234' title='bbox 288 1711 372 1748; x_wconf 88' lang='lat' dir='ltr'><strong>ideo</strong></span> <span class='ocrx_word' id='word_1_235' title='bbox 404 1712 583 1748; x_wconf 84' lang='lat' dir='ltr'><strong>continuo</strong></span> <span class='ocrx_word' id='word_1_236' title='bbox 616 1717 764 1759; x_wconf 86' lang='lat' dir='ltr'><strong>oportet</strong></span> <span class='ocrx_word' id='word_1_237' title='bbox 788 1710 1012 1748; x_wconf 64' lang='lat' dir='ltr'><strong>ssr-:L21N1</strong></span> <span class='ocrx_word' id='word_1_238' title='bbox 1052 1711 1144 1763; x_wconf 77' lang='lat' dir='ltr'><strong>(p)</strong></span> <span class='ocrx_word' id='word_1_239' title='bbox 1183 1709 1367 1747; x_wconf 85' lang='lat' dir='ltr'><strong>calculum</strong></span> <span class='ocrx_word' id='word_1_240' title='bbox 1393 1709 1549 1758; x_wconf 86' lang='lat' dir='ltr'><strong>probare</strong></span> <span class='ocrx_word' id='word_1_241' title='bbox 1572 1736 1581 1750; x_wconf 87' lang='lat'><em>‚</em></span> <span class='ocrx_word' id='word_1_242' title='bbox 1618 1706 1681 1755; x_wconf 91' lang='lat' dir='ltr'><strong>qui</strong></span> 
     </span>
     <span class='ocr_line' id='line_1_26' title="bbox 84 1767 1681 1820; baseline -0.003 -15"><span class='ocrx_word' id='word_1_243' title='bbox 84 1770 157 1805; x_wconf 88' lang='lat' dir='ltr'><strong>vim</strong></span> <span class='ocrx_word' id='word_1_244' title='bbox 184 1769 360 1820; x_wconf 84' lang='lat' dir='ltr'><strong>plicarum</strong></span> <span class='ocrx_word' id='word_1_245' title='bbox 383 1771 420 1806; x_wconf 92' lang='lat' dir='ltr'><strong>in</strong></span> <span class='ocrx_word' id='word_1_246' title='bbox 450 1769 648 1807; x_wconf 88' lang='lat' dir='ltr'><strong>minuenda</strong></span> <span class='ocrx_word' id='word_1_247' title='bbox 672 1771 851 1807; x_wconf 82' lang='lat' dir='ltr'><strong>celeritate</strong></span> <span class='ocrx_word' id='word_1_248' title='bbox 869 1771 973 1806; x_wconf 82' lang='lat' dir='ltr'><strong>nimii</strong></span> <span class='ocrx_word' id='word_1_249' title='bbox 996 1769 1081 1807; x_wconf 87' lang='lat' dir='ltr'><strong>fecit</strong></span> <span class='ocrx_word' id='word_1_250' title='bbox 1102 1770 1171 1812; x_wconf 70' lang='lat'><strong>,‘&amp;</strong></span> <span class='ocrx_word' id='word_1_251' title='bbox 1197 1767 1370 1817; x_wconf 73' lang='lat' dir='ltr'><strong>singulam</strong></span> <span class='ocrx_word' id='word_1_252' title='bbox 1397 1768 1529 1816; x_wconf 83' lang='lat' dir='ltr'><strong>plicam</strong></span> <span class='ocrx_word' id='word_1_253' title='bbox 1545 1772 1681 1803; x_wconf 84' lang='lat' dir='ltr'><strong>tantam</strong></span> 
     </span>
     <span class='ocr_line' id='line_1_27' title="bbox 85 1824 1683 1877; baseline -0.004 -12"><span class='ocrx_word' id='word_1_254' title='bbox 85 1827 131 1865; x_wconf 82' lang='lat' dir='ltr'><strong>de</strong></span> <span class='ocrx_word' id='word_1_255' title='bbox 160 1828 353 1865; x_wconf 81' lang='lat' dir='ltr'><strong>velocitate</strong></span> <span class='ocrx_word' id='word_1_256' title='bbox 374 1829 591 1877; x_wconf 87' lang='lat' dir='ltr'><strong>primigenia</strong></span> <span class='ocrx_word' id='word_1_257' title='bbox 612 1830 824 1876; x_wconf 89' lang='lat' dir='ltr'><strong>portionem</strong></span> <span class='ocrx_word' id='word_1_258' title='bbox 854 1829 999 1867; x_wconf 86' lang='lat' dir='ltr'><strong>demere</strong></span> <span class='ocrx_word' id='word_1_259' title='bbox 1036 1827 1261 1869; x_wconf 86' lang='lat' dir='ltr'><strong>adfirmavit,</strong></span> <span class='ocrx_word' id='word_1_260' title='bbox 1295 1834 1333 1863; x_wconf 89' lang='lat' dir='ltr'><strong>ut</strong></span> <span class='ocrx_word' id='word_1_261' title='bbox 1359 1827 1519 1864; x_wconf 84' lang='lat' dir='ltr'><strong>celeritas</strong></span> <span class='ocrx_word' id='word_1_262' title='bbox 1548 1824 1683 1871; x_wconf 75' lang='lat' dir='ltr'><strong>aplicae</strong></span> 
     </span>
     <span class='ocr_line' id='line_1_28' title="bbox 85 1882 1685 1936; baseline -0.003 -13"><span class='ocrx_word' id='word_1_263' title='bbox 85 1885 224 1924; x_wconf 68' lang='lat' dir='ltr'><strong>afflone</strong></span> <span class='ocrx_word' id='word_1_264' title='bbox 241 1886 356 1923; x_wconf 79' lang='lat' dir='ltr'><strong>deleta</strong></span> <span class='ocrx_word' id='word_1_265' title='bbox 385 1915 395 1929; x_wconf 90' lang='lat'>‚</span> <span class='ocrx_word' id='word_1_266' title='bbox 423 1886 463 1923; x_wconf 83' lang='lat' dir='ltr'><strong>fit</strong></span> <span class='ocrx_word' id='word_1_267' title='bbox 490 1887 534 1924; x_wconf 88' lang='lat' dir='ltr'><strong>ad</strong></span> <span class='ocrx_word' id='word_1_268' title='bbox 558 1899 641 1924; x_wconf 89' lang='lat' dir='ltr'><strong>eam</strong></span> <span class='ocrx_word' id='word_1_269' title='bbox 674 1889 927 1936; x_wconf 84' lang='lat' dir='ltr'><strong>primigeniam</strong></span> <span class='ocrx_word' id='word_1_270' title='bbox 961 1888 1189 1923; x_wconf 87' lang='lat' dir='ltr'><strong>velocitatem</strong></span> <span class='ocrx_word' id='word_1_271' title='bbox 1212 1914 1221 1928; x_wconf 84' lang='lat'>,</span> <span class='ocrx_word' id='word_1_272' title='bbox 1254 1891 1293 1922; x_wconf 91' lang='lat' dir='ltr'><strong>ut</strong></span> <span class='ocrx_word' id='word_1_273' title='bbox 1313 1887 1430 1922; x_wconf 78' lang='lat' dir='ltr'><strong>unitas</strong></span> <span class='ocrx_word' id='word_1_274' title='bbox 1463 1884 1511 1921; x_wconf 87' lang='lat' dir='ltr'><strong>est</strong></span> <span class='ocrx_word' id='word_1_275' title='bbox 1534 1883 1577 1920; x_wconf 85' lang='lat' dir='ltr'><strong>ad</strong></span> <span class='ocrx_word' id='word_1_276' title='bbox 1618 1882 1685 1931; x_wconf 88' lang='lat' dir='ltr'><strong>pli-</strong></span> 
     </span>
     <span class='ocr_line' id='line_1_29' title="bbox 87 1942 1685 1995; baseline -0.003 -14"><span class='ocrx_word' id='word_1_277' title='bbox 87 1956 209 1982; x_wconf 87' lang='lat' dir='ltr'><strong>carum</strong></span> <span class='ocrx_word' id='word_1_278' title='bbox 237 1957 439 1983; x_wconf 88' lang='lat' dir='ltr'><strong>numerum.</strong></span> <span class='ocrx_word' id='word_1_279' title='bbox 482 1945 536 1982; x_wconf 86' lang='lat' dir='ltr'><strong>Ita</strong></span> <span class='ocrx_word' id='word_1_280' title='bbox 557 1947 595 1985; x_wconf 87' lang='lat' dir='ltr'><strong>in</strong></span> <span class='ocrx_word' id='word_1_281' title='bbox 624 1947 745 1984; x_wconf 81' lang='lat' dir='ltr'><strong>canale</strong></span> <span class='ocrx_word' id='word_1_282' title='bbox 772 1957 897 1995; x_wconf 88' lang='lat' dir='ltr'><strong>quater</strong></span> <span class='ocrx_word' id='word_1_283' title='bbox 923 1946 1050 1982; x_wconf 86' lang='lat' dir='ltr'><strong>millies</strong></span> <span class='ocrx_word' id='word_1_284' title='bbox 1069 1945 1307 1992; x_wconf 64' lang='lat' dir='ltr'><strong>ottingenties</strong></span> <span class='ocrx_word' id='word_1_285' title='bbox 1337 1945 1496 1992; x_wconf 87' lang='lat' dir='ltr'><strong>plicato,</strong></span> <span class='ocrx_word' id='word_1_286' title='bbox 1526 1942 1685 1979; x_wconf 85' lang='lat' dir='ltr'><strong>celeritas</strong></span> 
     </span>
     <span class='ocr_line' id='line_1_30' title="bbox 87 1995 1689 2053; baseline -0.002 -14"><span class='ocrx_word' id='word_1_287' title='bbox 87 2003 134 2040; x_wconf 88' lang='lat' dir='ltr'><strong>est</strong></span> <span class='ocrx_word' id='word_1_288' title='bbox 160 2031 170 2047; x_wconf 92' lang='lat'>,</span> <span class='ocrx_word' id='word_1_289' title='bbox 204 2004 403 2043; x_wconf 85' lang='lat' dir='ltr'><strong>secundum</strong></span> <span class='ocrx_word' id='word_1_290' title='bbox 429 2002 548 2042; x_wconf 87' lang='lat' dir='ltr'><strong>virum</strong></span> <span class='ocrx_word' id='word_1_291' title='bbox 573 1995 656 2042; x_wconf 83' lang='lat' dir='ltr'><strong>clar.</strong></span> <span class='ocrx_word' id='word_1_292' title='bbox 682 2005 726 2044; x_wconf 87' lang='lat' dir='ltr'><strong>ad</strong></span> <span class='ocrx_word' id='word_1_293' title='bbox 752 2005 974 2044; x_wconf 82' lang='lat' dir='ltr'><strong>celeritatem</strong></span> <span class='ocrx_word' id='word_1_294' title='bbox 1006 2004 1166 2053; x_wconf 83' lang='lat' dir='ltr'><strong>ejusdem</strong></span> <span class='ocrx_word' id='word_1_295' title='bbox 1190 2004 1267 2040; x_wconf 87' lang='lat' dir='ltr'><strong>tubi</strong></span> <span class='ocrx_word' id='word_1_296' title='bbox 1291 2007 1326 2039; x_wconf 87' lang='lat' dir='ltr'><strong>in</strong></span> <span class='ocrx_word' id='word_1_297' title='bbox 1359 2002 1609 2039; x_wconf 60' lang='lat' dir='ltr'><strong>rectitudinem</strong></span> <span class='ocrx_word' id='word_1_298' title='bbox 1627 2011 1689 2036; x_wconf 87' lang='lat' dir='ltr'><strong>ex-</strong></span> 
     </span>
    </p>

    <p class='ocr_par' dir='ltr' id='par_1_7' title="bbox 1534 2057 1688 2108">
     <span class='ocr_line' id='line_1_31' title="bbox 1534 2057 1688 2108; baseline -0.013 -12"><span class='ocrx_word' id='word_1_299' title='bbox 1534 2057 1688 2108; x_wconf 63' lang='lat' dir='ltr'><strong>porrctti</strong></span> 
     </span>
    </p>
   </div>
   <div class='ocr_carea' id='block_1_3' title="bbox 94 2176 1701 2380">
    <p class='ocr_par' dir='ltr' id='par_1_8' title="bbox 170 2176 359 2212">
     <span class='ocr_line' id='line_1_32' title="bbox 170 2176 359 2212; baseline 0.016 -8"><span class='ocrx_word' id='word_1_300' title='bbox 170 2176 239 2212; x_wconf 67' lang='lat' dir='ltr'><strong>(l)</strong></span> <span class='ocrx_word' id='word_1_301' title='bbox 260 2187 288 2207; x_wconf 89' lang='lat' dir='ltr'><strong>n.</strong></span> <span class='ocrx_word' id='word_1_302' title='bbox 310 2186 359 2207; x_wconf 75' lang='lat'><strong>12.</strong></span> 
     </span>
    </p>

    <p class='ocr_par' dir='ltr' id='par_1_9' title="bbox 173 2218 782 2258">
     <span class='ocr_line' id='line_1_33' title="bbox 173 2218 782 2258; baseline 0.008 -14"><span class='ocrx_word' id='word_1_303' title='bbox 173 2218 342 2251; x_wconf 74' lang='lat' dir='ltr'><strong>(nt)A71t.</strong></span> <span class='ocrx_word' id='word_1_304' title='bbox 366 2218 387 2248; x_wconf 89' lang='lat' dir='ltr'><strong>F</strong></span> <span class='ocrx_word' id='word_1_305' title='bbox 404 2227 497 2248; x_wconf 71' lang='lat' dir='ltr'><strong>lzts</strong></span> <span class='ocrx_word' id='word_1_306' title='bbox 521 2220 553 2248; x_wconf 86' lang='lat' dir='ltr'><strong>de</strong></span> <span class='ocrx_word' id='word_1_307' title='bbox 573 2221 641 2248; x_wconf 81' lang='lat' dir='ltr'><strong>liene</strong></span> <span class='ocrx_word' id='word_1_308' title='bbox 666 2230 693 2258; x_wconf 85' lang='lat' dir='ltr'><strong>p.</strong></span> <span class='ocrx_word' id='word_1_309' title='bbox 714 2226 782 2249; x_wconf 81' lang='lat'>116.</span> 
     </span>
    </p>

    <p class='ocr_par' dir='ltr' id='par_1_10' title="bbox 94 2255 1701 2340">
     <span class='ocr_line' id='line_1_34' title="bbox 161 2255 1701 2302; baseline -0.003 -16"><span class='ocrx_word' id='word_1_310' title='bbox 161 2257 243 2302; x_wconf 36' lang='lat' dir='ltr'><strong>¹(n)</strong></span> <span class='ocrx_word' id='word_1_311' title='bbox 268 2257 296 2286; x_wconf 90' lang='lat' dir='ltr'><strong>P.</strong></span> <span class='ocrx_word' id='word_1_312' title='bbox 319 2259 352 2288; x_wconf 91' lang='lat' dir='ltr'><strong>A.</strong></span> <span class='ocrx_word' id='word_1_313' title='bbox 383 2258 630 2289; x_wconf 68' lang='lat' dir='ltr'><strong>MranLoT</strong></span> <span class='ocrx_word' id='word_1_314' title='bbox 647 2270 731 2291; x_wconf 80' lang='lat' dir='ltr'><strong>TUS</strong></span> <span class='ocrx_word' id='word_1_315' title='bbox 754 2260 773 2289; x_wconf 91' lang='lat' dir='ltr'><strong>l.</strong></span> <span class='ocrx_word' id='word_1_316' title='bbox 803 2270 827 2289; x_wconf 88' lang='lat' dir='ltr'><strong>c.</strong></span> <span class='ocrx_word' id='word_1_317' title='bbox 853 2270 881 2298; x_wconf 83' lang='lat' dir='ltr'><strong>p.</strong></span> <span class='ocrx_word' id='word_1_318' title='bbox 907 2268 974 2298; x_wconf 83' lang='lat'>139.</span> <span class='ocrx_word' id='word_1_319' title='bbox 1003 2269 1069 2294; x_wconf 72' lang='lat'>140-</span> <span class='ocrx_word' id='word_1_320' title='bbox 1100 2260 1341 2290; x_wconf 68' lang='lat' dir='ltr'>WALTHER</span> <span class='ocrx_word' id='word_1_321' title='bbox 1365 2257 1395 2287; x_wconf 75' lang='lat' dir='ltr'><strong>in</strong></span> <span class='ocrx_word' id='word_1_322' title='bbox 1418 2265 1510 2296; x_wconf 74' lang='lat' dir='ltr'><strong>progr.</strong></span> <span class='ocrx_word' id='word_1_323' title='bbox 1539 2257 1572 2285; x_wconf 84' lang='lat' dir='ltr'><strong>de</strong></span> <span class='ocrx_word' id='word_1_324' title='bbox 1593 2255 1701 2290; x_wconf 79' lang='lat' dir='ltr'><strong>inflam-</strong></span> 
     </span>
     <span class='ocr_line' id='line_1_35' title="bbox 94 2297 1197 2340; baseline 0.006 -16"><span class='ocrx_word' id='word_1_325' title='bbox 94 2302 217 2326; x_wconf 72' lang='lat' dir='ltr'><strong>matrone</strong></span> <span class='ocrx_word' id='word_1_326' title='bbox 258 2297 281 2334; x_wconf 83' lang='lat' dir='ltr'><strong>J.</strong></span> <span class='ocrx_word' id='word_1_327' title='bbox 305 2300 447 2336; x_wconf 52' lang='lat' dir='ltr'><strong>adolphus</strong></span> <span class='ocrx_word' id='word_1_328' title='bbox 479 2301 525 2329; x_wconf 81' lang='lat' dir='ltr'>W</span> <span class='ocrx_word' id='word_1_329' title='bbox 539 2310 553 2328; x_wconf 82' lang='lat' dir='ltr'>E</span> <span class='ocrx_word' id='word_1_330' title='bbox 567 2310 589 2329; x_wconf 78' lang='grc' dir='ltr'><strong>Ι)</strong></span> <span class='ocrx_word' id='word_1_331' title='bbox 604 2311 659 2330; x_wconf 80' lang='lat' dir='ltr'><strong>EL.</strong></span> <span class='ocrx_word' id='word_1_332' title='bbox 690 2301 719 2330; x_wconf 86' lang='lat' dir='ltr'><strong>in</strong></span> <span class='ocrx_word' id='word_1_333' title='bbox 740 2301 813 2338; x_wconf 69' lang='lat' dir='ltr'><strong>disp.</strong></span> <span class='ocrx_word' id='word_1_334' title='bbox 834 2302 867 2329; x_wconf 84' lang='lat' dir='ltr'><strong>de</strong></span> <span class='ocrx_word' id='word_1_335' title='bbox 891 2303 1033 2330; x_wconf 66' lang='lat' dir='ltr'><strong>velocitate</strong></span> <span class='ocrx_word' id='word_1_336' title='bbox 1041 2301 1197 2340; x_wconf 72' lang='lat' dir='ltr'><strong>sanguinis</strong></span> 
     </span>
    </p>

    <p class='ocr_par' dir='ltr' id='par_1_11' title="bbox 177 2339 980 2380">
     <span class='ocr_line' id='line_1_36' title="bbox 177 2339 980 2380; baseline 0.005 -14"><span class='ocrx_word' id='word_1_337' title='bbox 177 2339 329 2371; x_wconf 47' lang='lat' dir='ltr'><strong>(om-1³</strong></span> <span class='ocrx_word' id='word_1_338' title='bbox 345 2350 399 2368; x_wconf 78' lang='lat' dir='ltr'><strong>ME</strong></span> <span class='ocrx_word' id='word_1_339' title='bbox 418 2350 562 2370; x_wconf 70' lang='lat' dir='ltr'>ERGER</span> <span class='ocrx_word' id='word_1_340' title='bbox 587 2342 607 2370; x_wconf 91' lang='lat' dir='ltr'><strong>l.</strong></span> <span class='ocrx_word' id='word_1_341' title='bbox 632 2352 980 2380; x_wconf 76' lang='lat' dir='ltr'><strong>c.p.102.1o3.104.</strong></span> 
     </span>
    </p>
   </div>
   <div class='ocr_carea' id='block_1_4' title="bbox 193 2378 1710 2421">
    <p class='ocr_par' dir='ltr' id='par_1_12' title="bbox 193 2378 1710 2421">
     <span class='ocr_line' id='line_1_37' title="bbox 193 2378 1710 2421; baseline -0.002 -8"><span class='ocrx_word' id='word_1_342' title='bbox 193 2380 263 2416; x_wconf 80' lang='lat' dir='ltr'><strong>(P)</strong></span> <span class='ocrx_word' id='word_1_343' title='bbox 283 2378 465 2418; x_wconf 54' lang='lat' dir='ltr'><strong>Deferment.</strong></span> <span class='ocrx_word' id='word_1_344' title='bbox 493 2382 554 2419; x_wconf 71' lang='lat' dir='ltr'><strong>&amp;g</strong></span> <span class='ocrx_word' id='word_1_345' title='bbox 568 2384 667 2413; x_wconf 59' lang='lat' dir='ltr'><strong>andul.</strong></span> <span class='ocrx_word' id='word_1_346' title='bbox 685 2391 764 2420; x_wconf 80' lang='lat' dir='ltr'><strong>prop.</strong></span> <span class='ocrx_word' id='word_1_347' title='bbox 789 2380 843 2412; x_wconf 76' lang='lat' dir='ltr'><strong>XI.</strong></span> <span class='ocrx_word' id='word_1_348' title='bbox 888 2394 918 2421; x_wconf 77' lang='lat' dir='ltr'><strong>p.</strong></span> <span class='ocrx_word' id='word_1_349' title='bbox 953 2390 1019 2413; x_wconf 74' lang='lat'><strong>161,</strong></span> <span class='ocrx_word' id='word_1_350' title='bbox 1050 2391 1120 2414; x_wconf 84' lang='lat'>162.</span> <span class='ocrx_word' id='word_1_351' title='bbox 1154 2380 1179 2412; x_wconf 94' lang='lat' dir='ltr'>C</span> <span class='ocrx_word' id='word_1_352' title='bbox 1198 2393 1217 2412; x_wconf 77' lang='grc' dir='ltr'><em>Η</em></span> <span class='ocrx_word' id='word_1_353' title='bbox 1232 2391 1336 2412; x_wconf 68' lang='lat' dir='ltr'><strong>11qu</strong></span> <span class='ocrx_word' id='word_1_354' title='bbox 1374 2380 1468 2417; x_wconf 69' lang='lat' dir='ltr'><strong>theory</strong></span> <span class='ocrx_word' id='word_1_355' title='bbox 1489 2378 1522 2417; x_wconf 81' lang='lat' dir='ltr'><strong>of</strong></span> <span class='ocrx_word' id='word_1_356' title='bbox 1533 2381 1578 2411; x_wconf 80' lang='lat' dir='ltr'><strong>the</strong></span> <span class='ocrx_word' id='word_1_357' title='bbox 1595 2382 1661 2416; x_wconf 71' lang='lat' dir='ltr'><strong>gout</strong></span> <span class='ocrx_word' id='word_1_358' title='bbox 1682 2385 1710 2410; x_wconf 71' lang='grc' dir='ltr'><strong>ἱ·-</strong></span> 
     </span>
    </p>
   </div>
   <div class='ocr_carea' id='block_1_5' title="bbox 94 2425 960 2489">
    <p class='ocr_par' dir='ltr' id='par_1_13' title="bbox 94 2425 960 2489">
     <span class='ocr_line' id='line_1_38' title="bbox 94 2425 960 2489; baseline -0.006 -35"><span class='ocrx_word' id='word_1_359' title='bbox 94 2425 142 2455; x_wconf 66' lang='lat'><strong>74·</strong></span> <span class='ocrx_word' id='word_1_360' title='bbox 174 2430 223 2457; x_wconf 79' lang='lat'><strong>75-</strong></span> <span class='ocrx_word' id='word_1_361' title='bbox 870 2441 903 2477; x_wconf 84' lang='lat' dir='ltr'><strong>Z</strong></span> <span class='ocrx_word' id='word_1_362' title='bbox 927 2454 960 2489; x_wconf 25' lang='lat'><strong>¹3</strong></span> 
     </span>
    </p>
   </div>
  </div>
 </body>
</html>
