1968 2706
301 151 384 192 30⁵
476 136 606 179 ΜΒ.
643 134 722 178 VI.
754 124 945 175 SECT.
972 130 1056 174 ΠΙ.
1098 131 1368 176 sANGmNIs
1405 135 1495 179 PER
1527 138 1765 183 ARTssssms

298 240 413 279 multa
432 237 674 278 desiderantur
689 260 701 278 ‚
716 245 876 283 quorum
893 234 1041 271 unicum
1057 232 1223 271 excitaffe
1233 231 1392 272 sufficiat.
1411 231 1456 271 In
1477 236 1568 272 ranis
1589 239 1754 287 inprimis
1776 241 1814 278 &
1830 240 1900 292 pis.

300 301 401 339 cibus
417 312 457 337 ea
473 297 723 346 experimenta
739 293 824 332 faeta
840 293 931 336 sunt,
946 305 1010 342 per
1026 305 1105 342 quae
1120 294 1275 339 constat,
1289 292 1365 332 vasa
1378 294 1530 333 minima
1540 296 1689 335 unicum
1703 300 1900 347 globulum

300 360 540 398 transmittere
552 370 567 393 :
586 361 664 392 tum
683 365 744 401 ea,
761 365 806 390 ex
818 352 948 402 quihus
963 353 1142 391 creditum
1162 354 1211 391 est
1229 354 1393 398 ostendi,
1410 355 1563 392 unicum
1579 353 1686 393 istum
1702 358 1898 407 globulum

300 418 365 458 suo
396 417 539 456 vasculo
575 415 758 451 minorem
781 411 848 450 effe
875 412 1103 462 figuramque
1133 421 1273 451 mutare
1290 443 1299 457 ,
1328 421 1370 452 ut
1389 413 1534 451 tranfire
1552 414 1668 465 possit.
1694 416 1780 455 Haec
1805 419 1896 459 adeo

300 490 384 516 rana
416 476 855 514 DOUGLAsslANAs
884 471 1119 510 conditiones
1151 479 1315 512 accurate
1345 474 1469 524 explet
1502 500 1513 519 ‚
1547 486 1634 525 quas
1663 476 1707 514 ad
1740 477 1899 518 calorem

299 535 582 587 producendum
612 534 667 573 Cl.
693 535 745 570 vir
768 532 883 571 credit
918 533 1063 582 requiri.
1112 532 1184 571 Sed
1215 540 1336 571 tamen
1363 546 1403 572 ea
1440 546 1522 572 rana
1549 563 1558 578 ,
1589 536 1739 586 eJ'usque
1764 535 1900 577 adfines

301 595 465 646 pisciculi
492 595 638 643 frigent.
684 593 818 642 Neque
853 591 945 630 adeo
973 592 1017 629 ab
1048 591 1210 642 angustia
1247 594 1487 631 minimorum
1519 594 1686 633 vasorum
1721 595 1902 645 ejusmodi

300 656 418 693 frictio
446 655 604 704 sequitur
621 682 629 696 ‚
663 665 742 702 quae
765 652 924 690 calorem
950 661 1108 700 generet.
1159 651 1230 690 Sed
1255 655 1362 692 etiam
1393 653 1526 692 viscera
1542 682 1552 698 ,
1575 666 1659 704 quae
1685 668 1806 694 aerem
1825 667 1902 694 non

302 717 545 763 contingunt,
576 721 658 750 cute
688 712 827 761 semper
857 710 1045 761 aliquanto
1073 712 1188 762 magis
1216 713 1335 751 calent
1353 710 1440 762 (n).

389 774 481 820 Quae
519 779 642 811 contra
677 770 703 808 B
719 783 742 808 0
754 783 773 808 E
787 784 809 807 R
823 784 881 808 HA
894 783 916 807 A
932 785 953 809 v
967 784 979 808 1
993 784 1015 808 A
1031 785 1055 808 N
1074 785 1097 809 A
1112 784 1143 809 m
1166 798 1177 817 ‚
1208 779 1463 823 receptamque
1501 772 1546 811 de
1578 774 1708 812 caloris
1734 773 1903 825 “genera-

302 836 404 873 tione
414 833 626 871 sententiam
642 831 878 881 proferuntur
895 857 906 875 ‚
925 843 964 868 ea
986 832 1235 870 demonstrant
1250 861 1259 875 ‚
1274 845 1394 882 neque
1412 833 1556 882 penitus
1573 841 1739 873 accurate
1762 842 1898 882 tamen,

303 906 436 945 aquam
462 893 621 929 calorem
655 904 732 929 non
757 898 1010 939 generaturam
1036 920 1045 934 ,
1078 891 1102 928 fi
1130 890 1218 929 loco
1251 891 1428 941 sanguinis
1452 904 1517 942 per
1544 893 1621 932 vasa
1652 894 1813 933 humana
1835 897 1903 933 cir-

303 954 525 992 cumflueret.
571 950 704 1000 Neque
733 951 831 987 enim
853 950 926 988 ulla
954 951 1122 988 catarasta
1145 951 1346 989 frictionem
1372 965 1451 991 eam
1478 960 1655 1001 generat,
1680 965 1759 1004 quae
1783 956 1821 992 in
1844 966 1903 993 va-

304 1013 346 1051 fis
369 1014 495 1050 nostris
521 1007 811 1048 numerosissimis
828 1036 839 1053 ‚
871 1010 907 1047 &
930 1009 1170 1048 minutiffimis
1195 1011 1321 1049 locum
1347 1012 1465 1050 habet.
1505 1011 1651 1050 Deinde
1681 1024 1758 1051 non
1784 1014 1870 1052 ideo
1892 1041 1904 1060 ‚

304 1073 329 1109 fi
358 1084 449 1121 aqua
468 1083 516 1110 ex
538 1069 702 1108 frifitione
727 1069 943 1108 incalescere
966 1081 1044 1107 non
1071 1070 1212 1119 potest,
1237 1072 1417 1109 continuo
1437 1070 1596 1121 sequitur
1620 1072 1832 1121 sanguinem
1848 1075 1903 1110 in-

306 1131 476 1170 calescere
500 1142 577 1168 non
605 1129 704 1180 posse
729 1158 739 1173 ,
766 1140 888 1178 neque
908 1129 1026 1176 potest
1050 1128 1095 1166 de
1121 1128 1194 1167 alio
1220 1141 1378 1180 corpore
1399 1142 1559 1179 unquam
1578 1138 1658 1169 tuto
1684 1132 1756 1170 dici
1771 1162 1780 1176 ‚
1801 1133 1904 1182 quod

306 1193 352 1232 de
377 1192 448 1229 alio
476 1201 602 1228 verum
629 1189 690 1226 est.
752 1187 906 1225 Piscium
931 1200 950 1226 a
978 1187 1274 1238 quadrupedibus
1308 1188 1344 1226 in
1375 1190 1493 1227 cordis
1529 1192 1735 1228 arteriarum
1766 1193 1801 1228 ἃ
1828 1192 1904 1229 san-

305 1253 428 1301 guinis
453 1251 497 1288 ad
516 1248 699 1299 reliquum
732 1259 863 1296 corpus
888 1248 1061 1296 portione
1086 1255 1225 1286 certum
1261 1248 1453 1286 discrimen
1480 1250 1522 1287 ab
1552 1250 1757 1297 obJectione
1783 1251 1903 1289 oblata

305 1324 383 1350 non
407 1311 588 1350 evertitur.
623 1307 795 1345 Calorem
818 1306 1010 1343 animalem
1037 1319 1115 1344 non
1135 1307 1236 1356 supra
1270 1315 1345 1350 108
1366 1315 1427 1346 aut
1470 1318 1552 1346 110
1578 1309 1734 1357 gradum
1758 1322 1776 1347 a
1795 1317 1902 1348 motu

306 1367 485 1419 sanguinis
511 1369 634 1415 augeri
664 1364 763 1415 posse
788 1365 870 1413 (ο)
889 1393 899 1408 ,
926 1365 1013 1403 dum
1038 1367 1109 1404 vita
1140 1366 1321 1416 superest,
1357 1379 1421 1416 per
1451 1369 1699 1417 experimenta
1729 1369 1903 1418 produsta

304 1432 505 1468 evincitur:
525 1439 600 1466 non
627 1435 746 1464 tamen
774 1426 858 1463 ideo
877 1425 1095 1469 ostenditur,
1132 1433 1273 1464 amotu
1301 1425 1461 1464 calorem
1488 1438 1563 1464 non
1582 1430 1756 1475 generari.
1789 1427 1904 1466 Etiam

303 1502 395 1540 aqua
417 1489 522 1527 nullo
546 1488 589 1526 ab
621 1485 707 1535 igne
734 1485 837 1535 super
864 1496 948 1532 214
976 1485 1132 1534 gradum
1166 1486 1257 1524 calet
1280 1516 1289 1530 ‚
1324 1498 1443 1537 neque
1471 1485 1556 1524 ideo
1595 1498 1721 1525 verum
1749 1487 1798 1524 est
1818 1513 1829 1532 ,
1859 1488 1901 1525 ab

304 1551 391 1598 igne
417 1561 548 1599 aquam
575 1557 650 1584 non
677 1545 904 1584 incalescere.
945 1543 1091 1583 Deinde
1110 1546 1147 1582 in
1166 1547 1297 1583 eodem
1329 1547 1402 1584 sole
1431 1558 1488 1584 aer
1506 1575 1516 1590 ,
1543 1558 1634 1596 aqua
1659 1576 1669 1590 ,
1707 1554 1901 1595 argentum

304 1611 429 1647 vivum
457 1606 614 1646 diversos
642 1605 769 1643 caloris
791 1605 922 1654 gradus
946 1606 1184 1654 concipiunt,
1213 1617 1332 1655 neque
1356 1606 1449 1644 adeo
1470 1606 1595 1645 eadem
1619 1606 1718 1644 causa
1746 1606 1901 1644 diversos

304 1669 465 1718 liquores
479 1668 522 1706 ad
539 1666 709 1706 eumdem
726 1665 878 1713 gradum
892 1664 1053 1702 calefacit
1065 1663 1141 1718 (p).
1157 1664 1199 1701 In
1217 1665 1375 1703 febribus
1391 1666 1488 1703 calor
1501 1665 1590 1714 saepe
1602 1668 1720 1714 major
1736 1666 1878 1703 videtur
1891 1693 1900 1707 ,

307 1729 467 1777 quinon
497 1738 578 1764 vere
606 1726 722 1772 major
746 1725 814 1768 est,
836 1724 895 1761 sed
927 1725 1040 1772 magis
1062 1724 1298 1762 intolerabilis
1327 1727 1453 1777 (p’l‘).
1502 1725 1624 1762 Siccus
1655 1725 1755 1762 aestus
1783 1725 1902 1762 calore

307 1799 391 1824 cum
411 1786 540 1824 sudore
576 1782 772 1831 conjuncto
799 1783 937 1832 semper
966 1782 1081 1820 acrior
1102 1784 1150 1820 est
1168 1811 1177 1826 ,
1201 1783 1294 1821 forte
1325 1783 1426 1834 quod
1448 1795 1492 1820 eo
1507 1784 1544 1820 in
1569 1783 1655 1821 statu
1677 1782 1903 1821 calidissimus

307 1858 419 1898 vapor
450 1847 487 1883 in
522 1851 604 1883 cute
646 1844 819 1880 retinetur
835 1872 844 1886 ‚
870 1840 1091 1891 papillasque
1119 1849 1258 1880 teneras
1280 1845 1423 1892 ingrato
1446 1855 1530 1880 cum
1556 1842 1656 1880 sensu
1688 1851 1822 1886 torret,
1841 1843 1903 1892 qui

307 1906 405 1943 idem
415 1917 526 1955 vapor
541 1906 577 1941 in
594 1902 721 1940 sudore
739 1902 883 1939 exhalat
899 1931 908 1945 ,
925 1904 1036 1950 inque
1052 1913 1180 1950 aquam
1197 1904 1388 1951 congestus
1407 1927 1417 1944 ‚
1437 1901 1577 1940 easdem
1593 1903 1744 1952 papillas
1766 1909 1903 1950 tempe-

306 1972 383 2008 rat,
397 1977 483 2015 quas
497 1963 638 2014 squalor
655 1991 663 2005 ‚
686 1971 871 2010 utcunque
883 1967 983 1998 natus
999 1989 1006 2003 ‚
1024 1959 1114 1997 solet
1132 1961 1279 1998 moleste
1293 1962 1453 1999 adficere.
1481 1960 1521 1997 In
1534 1960 1716 2012 phthisicis
1730 1961 1904 2011 equidem

308 2025 414 2062 febris
435 2024 532 2062 adest
549 2049 559 2067 ,
580 2033 700 2070 neque
728 2028 846 2058 tamen
872 2031 1070 2069 negamus,
1095 2019 1305 2067 sanguinem
1339 2023 1514 2059 acriorem
1530 2045 1542 2063 ‚
1576 2020 1757 2069 particulis
1784 2021 1903 2057 fotum

1780 2089 1902 2116 unno-

394 2196 468 2230 (η)
495 2191 559 2222 ΜΛ
574 2202 590 2221 R
605 2200 627 2220 *r
642 2202 651 2219 ι
668 2205 686 2222 Ν
703 2204 719 2222 ε
745 2191 839 2233 Effinys
860 2203 888 2231 p.
921 2201 988 2232 338-

392 2237 459 2272 (ο)
492 2233 592 2271 Quare
617 2232 676 2263 dici
701 2235 808 2272 nequit
834 2245 903 2264 cum
933 2247 988 2270 192
1020 2234 1147 2274 pulsibus
1170 2235 1302 2264 calorem
1325 2233 1355 2264 in
1380 2234 1505 2267 homine
1528 2236 1596 2266 fore
1620 2242 1707 2273 aquae
1728 2232 1903 2264 ebullientis

311 2277 442 2306 XVJA1N
459 2283 672 2306 nwnremn
706 2286 733 2312 p.
759 2287 806 2312 43.
844 2285 892 2313 72.

394 2319 462 2354 (p)
489 2315 559 2387 Mdu
573 2326 584 2345 s
599 2325 610 2345 s
625 2326 640 2344 c
654 2326 672 2345 a
686 2326 701 2344 E
716 2326 735 2344 Ν
750 2327 765 2345 Β
783 2327 800 2346 a
814 2327 832 2346 o
845 2326 862 2346 E
876 2328 892 2346 c
904 2328 925 2348 u
950 2314 1033 2356 <ffbys
1056 2327 1086 2356 p.
1113 2321 1183 2354 483.
1211 2315 1271 2347 Aer
1295 2317 1374 2348 calet
1405 2317 1444 2348 ad
1466 2327 1513 2360 94.
1539 2323 1699 2358 argentum
1735 2315 1841 2346 vivum
1867 2315 1905 2344 ad

315 2368 380 2389 120.
404 2368 483 2396 aqua
503 2368 518 2387 a
568 2367 634 2393 150.

392 2399 488 2438 (12³⁸)
510 2398 614 2431 AEilus
644 2398 843 2431 intolerabilis
864 2399 957 2437 gradu
980 2409 1037 2432 100
1059 2409 1129 2433 cum
1156 2399 1251 2432 crusta
1274 2398 1413 2434 coriacea
1445 2401 1481 2433 de
1502 2401 1620 2435 Ham<
1648 2400 1690 2434 T.
1712 2397 1770 2430 111.
1792 2407 1906 2438 p.1442
