1968 2706
301 153 381 193 248
429 135 975 186 LIB.VI.SECT.11.
1007 141 1359 197 SANGUINIS
1408 143 1524 184 PER
1554 145 1882 188 ARTERIAS

309 242 408 290 prius
444 240 601 284 solebat,
634 246 674 277 ut
702 239 850 279 diastole
880 240 1030 288 longior
1052 239 1105 279 fit.
1153 239 1195 277 Id
1221 240 1269 276 ita
1293 239 1328 277 se
1351 239 1482 277 habere
1510 239 1610 288 poffe
1627 253 1675 280 ex
1703 242 1914 282 animalium

309 299 555 348 frigidorum,
580 311 700 348 exque
729 300 890 337 incubati
932 299 1025 348 pulli
1055 298 1368 347 contemplatione
1395 299 1520 348 liquet.
1566 298 1661 338 Nam
1694 303 1912 351 frigidorum

308 356 399 410 (d)
425 359 635 396 animalium
662 359 769 406 pauci
799 360 835 395 in
862 359 1006 395 minuto
1034 359 1155 406 primo
1190 356 1311 406 pulsus
1335 357 1438 401 sunt,
1473 357 1574 407 quod
1597 360 1783 399 intervalla
1813 363 1911 399 duo-

308 431 388 456 rum
421 419 586 467 pulsuum
618 418 778 456 maxima
807 417 874 454 sint
903 446 912 460 ,
942 429 1019 454 non
1056 416 1157 466 quod
1189 416 1280 454 adeo
1320 416 1416 455 lente
1448 429 1513 454 cor
1548 419 1792 457 contrahatur.
1854 421 1907 458 Ita

309 479 416 514 etiam
445 479 481 514 in
508 478 612 527 pullo
636 478 655 525 (
675 472 728 526 e)
746 503 756 522 ‚
789 478 852 526 qui
883 488 956 513 ovo
991 477 1223 518 continetur,
1251 483 1369 513 certus
1398 475 1471 513 vidi
1498 504 1507 519 ,
1547 476 1908 525 infrequentiffimum

309 533 481 585 equidem
514 537 659 586 pulsum
689 535 815 579 fuisse„
846 536 939 573 utin
954 536 1097 572 minuto
1111 534 1210 572 horae
1233 542 1413 583 quatuor,
1438 535 1538 578 duo,
1570 537 1606 572 δε
1635 536 1793 586 denique
1829 540 1908 575 uni-

308 607 346 632 ca
375 595 494 634 cordis
526 597 608 634 esset
646 594 772 646 systole
798 605 811 632 .·
838 595 1018 632 &tamen
1052 593 1181 641 finguli
1207 592 1328 643 pulsus
1362 606 1495 642 magna
1526 592 1709 634 celeritate
1747 595 1909 634 absolve-

307 655 447 693 bantur.

393 714 437 751 Id
463 721 592 752 contra
623 713 785 752 dederim
813 713 866 752 Cl.
893 713 1000 757 viris,
1023 711 1058 747 δι
1076 713 1263 750 contrariae
1292 711 1474 750 sententiae
1507 711 1737 757 auctoribus,
1768 709 1907 752 Fride-

303 770 384 812 rico
412 772 672 811 HOFMANN
709 767 825 824 (f),
858 773 893 809 δε
927 766 1176 809 Ανσῖιίὒαίἅο
1222 770 1484 808 P1TcARNE
1523 771 1644 824 (g),
1686 771 1722 809 in
1755 773 1906 811 homine

304 834 412 876 sano,
440 839 499 870 aut
521 845 598 870 non
641 833 792 871 insolitis
832 831 1105 879 aegritudinibus
1140 837 1346 881 occupato,
1365 830 1507 879 pulsum
1534 831 1688 868 celerem
1715 831 1907 871 difficulter

301 905 320 930 a
349 893 468 930 nilnus
500 891 606 929 celeri
649 892 819 943 distingui
844 886 941 938 (b).
992 890 1087 929 Cum
1132 890 1229 926 enim
1267 891 1304 926 in
1329 891 1447 927 unico
1475 890 1596 938 primo
1630 890 1733 927 horee
1763 894 1915 928 minuto⁴

302 953 427 989 arteria
454 950 654 998 ottogefies
684 953 815 993 micet,
851 950 886 986 &
915 959 1085 998 tempus,
1116 960 1191 999 quo
1221 948 1320 991 salit,
1341 950 1403 985 vix
1430 948 1472 986 fit
1497 951 1675 998 temporis
1704 952 1807 987 unici
1827 950 1906 999 pul-

301 1011 356 1048 sus
370 1011 470 1048 tertia
486 1038 495 1052 ‚
519 1011 586 1047 erit
610 1018 753 1058 tempus
769 1009 914 1059 systoles
936 1007 1056 1046 cordis
1072 1007 1136 1060 ἷξε
1157 1008 1287 1044 minuti
1311 1008 1439 1055 prim-i,
1459 1007 1529 1045 five
1548 1010 1733 1047 tertiarum
1749 1010 1903 1059 quinde-

303 1071 384 1107 cim.
435 1069 474 1106 Si
493 1069 547 1105 his
575 1070 688 1106 tertiis
718 1082 790 1106 una
815 1075 876 1106 aut
896 1068 1003 1105 altera
1024 1065 1127 1104 tertia
1151 1065 1355 1109 accesserit,
1391 1073 1452 1104 aut
1470 1065 1493 1102 fi
1523 1067 1670 1104 viciffim
1695 1068 1901 1111 decesserit,

299 1141 377 1174 non
404 1128 508 1168 facile
541 1130 619 1169 satis
642 1130 679 1166 in
703 1129 795 1166 tastu
821 1127 1020 1165 subtilitatis
1037 1154 1047 1169 ,
1074 1127 1185 1173 inque
1212 1126 1330 1162 anima
1361 1124 1563 1163 velocitatis
1592 1128 1659 1163 erit
1688 1155 1697 1169 ,
1742 1137 1779 1164 ut
1805 1127 1902 1166 exile

298 1191 568 1227 incrementum
583 1188 758 1236 percipiat
774 1187 828 1223 vel
842 1186 1126 1224 decrementum.
1172 1182 1208 1225 Si
1229 1191 1349 1221 tamen
1363 1184 1552 1222 rariffimus
1565 1185 1602 1221 in
1616 1185 1767 1224 homine
1781 1186 1903 1235 pulsus

300 1245 528 1292 obtinuerit,
561 1259 638 1284 non
678 1246 916 1294 negaverim,
946 1243 1085 1282 facilius
1124 1242 1313 1280 discrimen
1342 1241 1505 1292 percipi,
1536 1244 1572 1280 δι
1598 1244 1760 1281 distinxit
1803 1252 1900 1283 certe

297 1307 321 1344 S
339 1319 474 1344 TAHL
494 1319 573 1344 xus
593 1335 603 1350 ‚
635 1311 674 1348 ut
703 1303 952 1353 longiffimum
983 1304 1078 1340 inter
1105 1313 1235 1343 omnes
1269 1301 1413 1350 pulsum
1451 1301 1584 1340 faceret
1616 1303 1726 1343 febris
1763 1311 1902 1354 quarta-

296 1378 352 1404 nae
389 1362 476 1415 (i).

383 1425 522 1463 Iterum
550 1425 684 1462 rationi
710 1423 914 1462 consentire
938 1421 1082 1462 videtur
1101 1421 1319 1471 plerumque
1343 1421 1562 1459 celer-itatem
1585 1414 1705 1471 pulsus
1731 1435 1812 1461 cum
1834 1426 1903 1461 fre-

296 1486 443 1533 quentia
473 1485 510 1520 in
534 1483 686 1522 homine
716 1483 916 1531 conjungi,
944 1479 1120 1531 quamdiu
1151 1481 1241 1517 vires
1264 1488 1361 1518 certe
1383 1479 1587 1524 sufficiunt,
1621 1489 1659 1518 ut
1691 1481 1789 1518 idem
1822 1483 1904 1534 pul,

293 1543 349 1584 sus
373 1556 443 1582 una
468 1543 503 1580 &
530 1543 626 1580 celer
653 1542 724 1587 fit,
757 1543 793 1580 &
830 1541 1012 1591 frequens.
1063 1539 1092 1577 A
1123 1539 1268 1577 stimulo
1300 1541 1397 1577 enim
1431 1539 1577 1577 fortiori
1602 1569 1611 1584 ,
1653 1541 1688 1578 δε.
1718 1542 1905 1583 abundatia*v

293 1604 404 1648 tiori,
436 1614 499 1643 cor
529 1603 565 1647 &
596 1602 748 1642 celerius
774 1600 1000 1643 contrahitur
1018 1625 1029 1644 ,
1052 1600 1087 1636 δε
1113 1610 1184 1637 una
1205 1599 1431 1649 frequentius
1459 1596 1517 1646 (le
1533 1594 1564 1648 )-.

756 1724 788 1765 §-
830 1716 936 1756 XIV.
986 1712 1083 1768 Ejus
1110 1711 1241 1771 pulfies
1290 1727 1362 1755 caza
1382 1728 1422 1756 ιε.

377 1839 423 1878 Et
450 1838 676 1889 frequentius
705 1849 770 1875 cor
793 1835 960 1874 contrahi
990 1836 1026 1872 δε
1052 1835 1203 1873 celerius
1239 1835 1434 1884 intelligo,
1466 1833 1489 1870 fi
1523 1833 1723 1871 stimuletur
1747 1837 1861 1873 acrius
1883 1864 1891 1878 ‚

288 1906 350 1938 aut
366 1899 498 1937 stimuli
521 1898 562 1936 fit
577 1898 836 1946 impatientius.
886 1894 988 1942 Ergo
1021 1894 1164 1943 pulsum
1186 1893 1413 1943 frequentem
1433 1893 1517 1931 facit
1536 1922 1544 1936 ‚
1575 1905 1718 1942 unaque
1746 1895 1893 1942 procul-

291 1959 406 2005 dubio
435 1958 621 2002 celerem,
652 1957 767 2011 magis
802 1954 982 1998 irritabilis
1011 1953 1130 1992 cordis
1165 1952 1307 1995 indoles
1331 1982 1341 1997 ,
1382 1965 1431 1990 ex
1458 1964 1527 2002 qua
1559 1952 1598 1990 fit
1622 1960 1693 1995 ,ut
1723 1954 1766 1988 ab
1799 1953 1899 1990 unda

1712 2010 1896 2060 sanguini,

374 2131 446 2165 (d)
471 2130 615 2162 Tarditas
643 2140 755 2169 nempe
779 2129 809 2160 in
832 2129 965 2169 anguilla
987 2128 1067 2159 conf.
1097 2126 1287 2159 Soefflnzt.
1302 2136 1357 2156 ns.
1386 2127 1420 2155 de
1438 2126 1529 2164 pulu.
1553 2136 1582 2164 p.
1613 2133 1658 2155 16.

374 2174 440 2208 (e)
468 2173 603 2204 Memoir.
624 2171 682 2210 sur
704 2174 730 2201 la
746 2171 904 2209 sormasion
922 2172 962 2200 du
983 2180 1056 2201 coeur
1078 2167 1120 2200 T.
1144 2168 1189 2199 ΙΙ.
1215 2178 1246 2207 p.
1279 2176 1347 2201 1¹11.

374 2214 432 2252 (f)
455 2212 662 2252 JVIecl.sslle111.
685 2212 726 2243 T.
752 2212 777 2242 Ι.
803 2224 832 2251 p.
855 2222 920 2249 ²13·

374 2257 441 2293 (g)
461 2257 546 2286 Llem.
571 2255 642 2284 med.
666 2256 799 2285 mathena.
827 2264 855 2292 p.
880 2264 927 2287 49.

375 2298 445 2333 (Ιχ)
472 2295 718 2326 STAEHE1.1N
748 2295 764 2323 1.
789 2304 813 2324 c.
838 2305 868 2332 p.
898 2305 943 2328 ¹7·

375 2339 437 2373 (i)
458 2335 495 2366 In
521 2336 636 2366 nimbis
654 2335 797 2375 distingui
822 2334 903 2373 posse
936 2332 959 2362 B
975 2345 989 2365 z
1003 2345 1021 2364 1.
1034 2344 1052 2364 L
1067 2341 1074 2362 1
1088 2343 1147 2365 NU
1163 2345 1174 2364 s
1198 2335 1231 2364 de
1251 2334 1328 2363 urin.
1353 2328 1475 2371 &pulsi
1493 2342 1522 2369 p.
1551 2343 1599 2368 72.

374 2380 439 2417 (lc)
464 2378 534 2408 Haec
556 2378 713 2417 reciproca
734 2377 804 2408 facit
827 2375 868 2412 T.
892 2373 959 2408 Mo
975 2385 1057 2410 RGA,
1071 2386 1098 2406 n.
1112 2376 1130 2409 1,
1161 2386 1185 2406 c.
1206 2374 1257 2405 sed
1282 2384 1346 2413 nQn
1369 2372 1542 2417 persuadet.
