1968 2706
614 163 798 204 MOTI
857 157 1244 214 EFFECTUS.]
1608 173 1685 209 255

87 271 159 301 tam
187 263 366 300 rationem
399 262 696 309 contingentium
717 259 750 296 se
774 257 1042 308 superficierum
1059 286 1069 301 ,
1101 257 1275 295 inversam
1301 268 1388 294 vero
1418 255 1452 293 &
1476 255 1693 305 nirlriplica-

85 329 157 360 tam
187 323 433 359 distantiarum
458 327 570 357 tenet.

171 380 212 417 ln
248 381 498 418 contraciione
528 378 664 416 arteriae
693 376 825 413 horum
859 376 1039 413 contraria
1067 375 1168 413 fiunt.
1234 375 1328 412 Cnrn
1357 375 1454 412 enim
1483 375 1607 412 arteria
1642 373 1694 411 se-

86 440 250 477 cundum
281 440 390 475 lineas
409 438 453 475 ad
479 439 562 474 axin
596 436 914 485 perpendiculares
941 434 1102 483 undique
1121 435 1304 483 angustior
1338 434 1398 471 fiat
1416 464 1424 477 ‚
1456 432 1697 483 globulisun-

86 500 212 547 gaumei
237 499 397 546 undique
421 495 464 533 ad
489 497 577 532 axin
599 523 607 538 ,
638 496 750 543 inque
780 494 1027 540 angustiorem
1053 494 1228 532 circulum
1256 496 1575 542 comprimuntur,
1600 493 1633 528 <St
1652 492 1696 529 ad

40 571 43 573 ’
87 559 176 595 alios
200 557 372 605 globulos
394 557 545 606 propius
575 554 764 591 accedunt.
830 552 881 590 lta
912 551 1054 595 frictio,
1082 544 1189 602 quarn
1227 552 1342 588 modo
1371 554 1447 588 dixi
1469 582 1479 598 ,
1516 558 1693 600 augetur,

88 616 125 653 ἆ
159 628 257 654 nunc
272 605 319 651 ‘id
349 616 506 651 maxime
537 613 602 655 fit,
632 612 734 661 quod
759 623 804 648 ex
829 611 969 648 theoria
995 611 1049 650 Cl.
1078 614 1140 649 viri
1156 611 1233 649 fieri
1259 605 1339 661 (f)
1369 611 1596 654 docuerunt,
1617 622 1697 658 quse

86 675 269 724 particulae
297 675 334 710 in
361 674 535 721 sanguine
562 671 742 721 sphaericae
774 682 849 707 non
882 671 986 714 sunt,
1022 680 1062 708 ut
1086 671 1262 719 sphaericae
1292 670 1386 706 fiant.
1451 669 1575 707 Potest
1600 671 1697 706 enim

87 735 219 782 qnaevis
247 735 322 780 ejus
359 733 500 780 generis
532 730 707 779 particula
731 724 857 766 haberi
879 741 948 778 pro
977 731 1166 767 numerosa
1193 727 1354 766 veciium
1391 740 1600 775 compage,
1635 729 1698 776 qui

87 793 124 829 in
151 799 278 829 centro
305 790 566 839 magnitudinis
599 790 852 832 conveniunt,
878 789 923 824 ad
949 789 1152 826 universum
1179 800 1266 825 vero
1293 789 1431 824 arteriae
1458 788 1634 823 ambitum
1662 799 1699 824 e-

86 851 257 899 riguntur
291 851 465 899 undique.
515 848 655 886 Eorum
692 847 751 884 alii
782 847 971 895 longiores
1003 847 1081 885 sunt
1104 877 1114 891 ,
1142 849 1325 884 breviores
1353 845 1444 884 alii:
1480 844 1505 881 fi
1532 848 1627 882 enini
1655 859 1700 883 εε-

87 910 211 959 quales
241 907 367 946 feceris
400 935 412 952 ‚
454 908 563 945 facies
594 915 635 944 ut
669 906 757 943 radii
795 906 937 954 sphaerae
972 904 1048 943 fint.
1115 906 1341 955 Quicunque
1380 906 1472 943 adeo
1511 905 1699 957 longiores

88 969 198 1011 sunt,
231 979 359 1005 eorum
391 969 550 1006 extimus
592 965 672 1002 finis
715 977 734 1001 a
774 972 902 1002 centro
935 966 1197 1012 magnitudinis
1238 965 1386 1013 longius
1428 963 1553 1006 distat,
1582 976 1699 1013 eaque

89 1027 173 1064 sede
195 1026 286 1064 adeo
316 1039 335 1063 a
362 1027 496 1062 minori
520 1025 687 1075 potentia
711 1019 864 1060 fleffiiitur
881 1049 892 1066 ,
919 1024 952 1060 &
971 1025 1125 1062 debilior
1138 1025 1198 1062 est.
1232 1023 1335 1061 Dum
1358 1023 1449 1061 adeo
1477 1036 1517 1061 ea
1538 1022 1636 1061 sedes
1655 1025 1698 1060 ab

90 1085 166 1124 aliis
200 1084 380 1134 spherulis
410 1085 635 1133 percutitur,
656 1083 793 1131 poterit
820 1081 934 1118 flexus
950 1084 978 1118 is
1001 1082 1080 1119 finis
1100 1112 1109 1126 ‚
1128 1085 1163 1120 ὃς
1192 1083 1347 1120 debilior
1374 1083 1567 1132 abrumpi,
1597 1083 1700 1120 dete-

89 1146 142 1187 ri,
173 1144 293 1181 donec
330 1155 431 1193 aequa
470 1142 633 1194 undique
673 1139 863 1177 resistentia
904 1141 1098 1188 aequalium
1135 1143 1287 1179 veslium
1311 1141 1478 1192 superfit,
1507 1144 1542 1178 in
1571 1142 1701 1191 quibus

90 1203 190 1240 nulla
214 1204 306 1240 ratio
332 1201 485 1251 superest
502 1230 511 1244 ,
552 1212 662 1250 quare
686 1200 774 1236 alius
814 1199 885 1236 alio
917 1200 1056 1237 facilius
1078 1200 1258 1237 deteratur
1292 1212 1300 1237 :
1327 1200 1386 1237 sed
1410 1213 1449 1238 ea
1481 1201 1617 1251 sphaera
1638 1201 1700 1237 est.

93 1262 146 1300 lta
182 1261 321 1299 theoria
348 1261 549 1312 permittit,
586 1270 668 1295 narn
710 1255 838 1296 oculus
868 1259 994 1307 utique
1032 1261 1069 1295 in
1104 1260 1275 1307 sanguine
1309 1259 1400 1296 nihil
1440 1261 1566 1302 videt,
1600 1259 1701 1308 quod

92 1320 304 1368 sphaericum
333 1332 408 1356 non
429 1319 481 1356 fit.
529 1317 581 1355 Eo
625 1317 741 1354 modo
779 1317 959 1363 particulae
1001 1319 1152 1367 quidem
1189 1318 1400 1366 grandiores
1436 1320 1471 1354 in
1512 1319 1701 1368 sphaerulas

92 1380 252 1421 abeunt,
281 1381 424 1416 minora
458 1389 547 1414 vero
578 1383 737 1413 ramenta
771 1376 899 1412 detrita
933 1389 997 1425 per
1030 1377 1168 1414 easdem
1204 1378 1345 1420 causas,
1377 1377 1526 1425 perinde
1548 1378 1701 1426 figuram

96 1438 262 1487 undique
285 1449 387 1486 aeque
405 1436 624 1474 resistentem
644 1435 853 1484 adquirunt.
902 1433 984 1487 Ita„
1007 1436 1096 1474 dum
1116 1448 1162 1473 ex
1183 1438 1378 1484 majoribus
1394 1436 1586 1475 moleculis
1611 1436 1702 1473 fiunt

93 1497 253 1533 minores
273 1523 285 1539 ,
306 1497 446 1543 sanguis
476 1493 603 1543 utique
637 1494 862 1531 adtenuatur.

191 1554 333 1604 Utique
357 1566 444 1591 vero
475 1554 552 1590 haec
579 1553 702 1590 omnia
741 1553 876 1598 majora
901 1560 1029 1596 erunt,
1056 1552 1082 1589 fi
1109 1553 1228 1590 cordis
1258 1555 1418 1601 impetus
1445 1555 1560 1600 maior
1579 1582 1588 1596 ‚
1628 1553 1702 1590 san-

96 1614 218 1661 guinis
245 1613 439 1650 moleculae
467 1610 654 1650 solidiores
671 1638 682 1653 ,
703 1612 864 1655 arteriae,
888 1611 932 1648 ad
955 1623 1040 1661 quas
1066 1612 1314 1650 confricantur
1329 1640 1339 1654 ‚
1369 1613 1532 1650 duriores
1556 1613 1698 1650 suerint.

519 1733 552 1775 ς.
594 1728 643 1765 ΙΙ.
697 1726 745 1767 In
779 1724 899 1768 ramis
941 1735 984 1767 ut
1008 1723 1057 1781 se
1104 1723 1256 1775 habear.

185 1847 228 1884 In
257 1849 363 1884 ramis
395 1847 592 1894 maj0ribus
619 1848 743 1885 onmia
777 1847 848 1883 fere
871 1847 1002 1883 eodem
1035 1846 1150 1883 modo
1188 1846 1220 1883 se
1247 1846 1395 1883 habent,
1459 1846 1629 1884 Celeritas
1666 1856 1705 1881 e-

100 1905 248 1955 quidem
292 1906 475 1954 sanguinis
514 1906 689 1941 minuitur
721 1906 811 1958 (g)
843 1911 950 1953 atque
994 1903 1085 1940 adeo
1129 1904 1297 1941 haste-nus
1334 1902 1449 1940 friciio
1482 1907 1603 1941 minor
1641 1903 1703 1941 est.

99 1965 191 2002 Sunt
212 1969 334 2001 tamen
362 1965 437 2001 aliae
467 1964 606 2007 causae,
637 1975 715 2011 quae
740 1976 815 2000 non
840 1961 958 2000 sinunt
996 1963 1152 1999 multum
1183 1964 1309 2000 minui.
1369 1961 1567 2001 Luminum
1606 1963 1706 1998 enim

99 2025 138 2060 in
173 2025 278 2059 ramis
304 2023 440 2060 summa
468 2024 583 2070 maJ'or
606 2022 657 2060 est
677 2051 686 2066 ‚
721 2034 829 2072 quam
867 2022 991 2059 lumen
1027 2023 1171 2064 trunci,
1210 2033 1367 2070 cumque
1397 2022 1441 2058 ad
1467 2034 1550 2059 eum
1584 2022 1706 2057 circu-

101 2082 206 2124 lum,
245 2083 309 2130 qui
340 2083 463 2120 lumen
492 2080 666 2125 metitur,
695 2081 840 2130 ejusque
867 2080 998 2118 fimiles
1026 2082 1136 2117 totius
1157 2080 1236 2117 tubi
1252 2080 1424 2118 sefflones
1445 2105 1458 2124 ,
1487 2081 1602 2118 frifflo
1628 2079 1706 2117 san-

103 2141 223 2187 guinis
250 2139 312 2177 fiat
331 2169 340 2183 ‚
371 2151 462 2178 eam·
479 2140 682 2178 friffionem
714 2140 838 2189 augeri
863 2139 1002 2178 necesse
1030 2139 1106 2182 est,
1139 2139 1238 2178 audia
1268 2139 1455 2189 superficie
1478 2166 1489 2183 ‚
1519 2150 1599 2190 quae
1618 2149 1707 2176 con-

103 2198 251 2235 fricatur
282 2193 339 2249 (ἢ
356 2198 394 2246 ).,

1006 2255 1107 2296 Mm
1169 2269 1193 2298 2
1635 2254 1706 2292 Sed

185 2370 248 2408 (f)
270 2368 362 2401 Conf.
394 2369 695 2417 szzicixmv
713 2384 731 2405 Β
758 2382 845 2413 prop.
866 2369 910 2404 II.
932 2370 1206 2405 Romnum
1244 2370 1333 2410 Instit.
1357 2372 1397 2401 rei
1420 2370 1503 2402 Med,
1523 2378 1551 2400 n.
1575 2380 1632 2399 220
1650 2371 1703 2399 &a

187 2414 259 2491 {52¹3
281 2423 317 2493 s
338 2416 517 2493 {7⁶3¹53114..
