1968 2706
243 177 335 215 2294
655 151 842 203 ι12113.
883 156 1003 202 VII.
1050 161 1413 204 SECRETm.

244 263 300 302 fit,
365 260 497 312 Neque
524 274 543 300 a
578 260 725 299 calculis
754 273 810 299 res
837 259 910 310 ipsa
933 256 1056 299 differt
1085 274 1094 298 :
1124 272 1208 299 nam
1234 262 1272 299 in
1295 261 1338 298 iis
1356 260 1517 311 partibus
1542 266 1733 315 corporis,
1759 279 1850 318 qua-

230 321 333 363 'rum
357 322 530 361 humores
559 331 642 358 vere
660 333 725 371 per
751 320 937 360 folliculos
964 327 1204 371 generantur,
1231 320 1441 361 lentiffimus
1472 329 1595 361 motus
1617 324 1687 368 est,
1710 329 1844 366 mucus-

250 395 324 435 que
362 394 409 421 ex
435 380 578 421 naribus
604 393 792 432 nunquam
823 381 952 430 sponte
989 382 1126 430 effluit,
1159 382 1340 433 haeretque
1367 383 1406 420 in
1445 384 1591 433 organis
1631 384 1700 423 suis
1719 410 1732 431 ‚
1762 386 1849 426 dum

248 454 315 493 per
341 441 580 481 emunffionis
611 442 685 479 vim
708 449 768 480 aut
791 442 1060 481 sternutationis
1089 440 1264 491 ejiciatur.
1787 460 1793 465 ⁴
1858 481 1860 483 .

335 501 475 540 Verum
499 499 698 540 humorum
722 502 969 541 humanorum
1005 502 1266 551 plerorumque
1287 515 1326 540 ea
1357 509 1482 542 natura
1507 505 1555 542 est
1571 533 1582 548 ,
1607 509 1650 542 ut
1670 505 1860 544 celeritate·

211 569 217 573 “
244 562 365 613 aliqua
393 567 526 611 egeant
546 589 556 604 ,
588 573 658 611 qua
698 561 742 600 ad
773 561 853 600 usus
885 562 1098 601 necessarios
1129 569 1300 612 parentur
1325 591 1334 606 ,
1365 562 1400 599 δε
1428 565 1582 601 omnino
1611 576 1675 613 per
1707 568 1849 614 experi-

243 629 366 661 menta
390 622 568 659 velociter
590 627 819 660 moveantur.
861 620 949 660 Non
979 633 1068 671 ergo
1106 628 1282 671 poterunt
1308 633 1374 671 per
1403 622 1528 660 colum
1557 624 1671 675 parari
1705 653 1714 667 ,
1745 626 1847 672 cuius

244 689 372 720 natura
403 681 635 719 velocitatem
663 693 815 719 omnem
847 680 1004 720 destruit.
1068 680 1157 719 Non
1185 693 1274 731 ergo
1295 682 1432 731 poterit
1460 688 1519 720 aut
1558 685 1658 720 urina
1689 693 1754 732 per
1779 684 1848 721 fol-

242 740 374 780 liculos
395 740 598 795 percolari,
626 747 687 778 aut
705 740 941 794 perspirabile
965 742 1244 786 subcutaneum‚
1270 748 1331 779 aut
1359 742 1521 780 animalis
1558 742 1619 781 ille
1652 753 1864 782 nervorum.

237 800 397 852 spirituS.

330 859 415 898 Imo
449 870 535 896 vero
566 857 687 896 nullus
708 861 844 898 humor
864 871 943 897 non
974 860 1164 904 mucosus,
1186 871 1306 911 neque
1333 860 1476 903 lentus,
1494 871 1559 909 per
1576 859 1762 898 folliculos
1782 871 1845 908 ge-

241 921 360 958 nerari
380 920 530 969 poterit.
586 915 634 955 Ea
661 921 758 958 enim
774 921 982 958 communis
998 949 1006 963 ‚
1025 921 1060 957 &
1080 920 1322 969 inseparabilis
1342 949 1351 963 ,
1368 921 1536 959 omnium
1558 919 1756 958 humorum
1777 919 1846 957 hu-

239 990 433 1018 manorum
449 984 576 1015 natura
603 976 650 1014 est
666 1006 675 1020 ,
701 985 740 1017 ut
766 978 899 1018 retenti
918 979 952 1016 ὃς
978 981 1123 1018 immoti
1147 979 1370 1028 spiffescant,
1388 979 1564 1028 exemplo
1589 979 1670 1017 bilis
1689 1009 1698 1023 ,
1717 979 1841 1021 muci,

239 1039 382 1077 seminis
413 1063 424 1085 ‚
456 1037 570 1086 adipis
604 1063 615 1080 ,
655 1040 851 1078 ceruminis
888 1065 899 1083 ,
940 1039 1036 1077 lastis
1063 1055 1078 1078 .·
1104 1040 1230 1077 adsunt
1266 1040 1362 1077 enim
1403 1039 1567 1088 undique
1604 1051 1668 1088 per
1711 1049 1844 1086 recep-

238 1098 354 1136 tacula
378 1096 565 1135 sorbentes
593 1097 733 1136 venulae
754 1128 764 1142 ,
797 1111 876 1149 quae
897 1099 941 1136 de
972 1098 1129 1137 humore
1161 1099 1346 1147 stagnante
1377 1098 1441 1135 fibi
1466 1098 1596 1135 bibunt
1622 1126 1631 1141 ‚
1662 1096 1843 1147 quidquId

238 1158 413 1196 tenuioris
441 1168 542 1207 aqnae
569 1159 747 1196 continet.
793 1157 917 1204 Quare
945 1156 1078 1195 fluidos
1110 1152 1378 1208 hu1110res¹per
1413 1155 1599 1196 folliculos
1630 1155 1840 1206 percolari,

238 1218 297 1254 rei·
317 1217 406 1268 ipsi,
433 1217 469 1254 &
495 1214 645 1254 Naturae
676 1215 856 1266 sapientiae
886 1223 1080 1266 repugnat.

569 1340 602 1380 §-
648 1334 786 1374 XIV.
839 1329 966 1374 Caua
1000 1334 1347 1373 RurscnrANA
1380 1329 1517 1372 vincit.

322 1455 420 1494 Cum
446 1455 602 1492 rationes
628 1456 664 1492 &
687 1455 763 1492 istas
785 1483 794 1498 ,
833 1455 869 1491 &
895 1455 1002 1497 alias,
1032 1464 1101 1503 pro
1132 1452 1265 1492 Rurs
1283 1463 1411 1490 curo
1436 1449 1559 1500 paffim
1598 1450 1649 1490 Cl-
1679 1451 1744 1489 viri
1778 1451 1838 1489 ad-

233 1515 396 1558 ferrent,
418 1514 565 1563 ipseque
592 1513 730 1553 causam
762 1513 858 1552 suam
889 1513 1221 1563 pulcherrimorum
1246 1542 1255 1556 ,
1295 1523 1405 1549 manu
1429 1511 1486 1549 sua
1513 1510 1834 1560 preparatorumj,

235 1573 450 1611 cadaverum
482 1572 685 1612 ostensione
711 1573 942 1612 confirmaret
961 1598 972 1618 ‚
1007 1571 1134 1611 senfim
1160 1571 1292 1610 facium
1331 1571 1381 1609 est
1398 1599 1408 1614 ,
1434 1577 1474 1608 ut
1508 1571 1583 1618 ejus
1625 1570 1724 1608 causa
1748 1582 1837 1620 prae-

233 1633 399 1679 valeret„
446 1632 593 1672 Viscera
616 1645 750 1683 nempe
786 1633 977 1672 secretioni
1019 1632 1216 1676 destinata,
1253 1642 1453 1681 eorumque
1485 1630 1649 1679 inprimis
1676 1630 1800 1668 acinos
1824 1657 1834 1672 ‚

235 1692 494 1743 glandulasque
517 1695 809 1742 conglomeratae
838 1686 857 1736 ,’
880 1689 988 1730 meris
1023 1691 1191 1741 conponi
1229 1691 1401 1736 vasculis,
1427 1689 1610 1727 cellulosae
1647 1688 1726 1726 telae
1762 1699 1835 1737 ope

236 1750 436 1799 conjunffis
459 1780 468 1795 ,
496 1764 541 1790 eo
576 1765 661 1790 cum
687 1753 825 1790 vinculi
849 1752 983 1789 robore
1003 1779 1013 1795 ‚
1043 1758 1083 1789 ut
1104 1749 1269 1788 consistat
1290 1752 1439 1792 acinus,
1455 1760 1546 1797 aque
1563 1748 1615 1785 sui
1632 1746 1803 1784 similibus
1821 1772 1834 1790 ,

235 1807 435 1848 laxioribus
464 1809 531 1848 filis
558 1809 622 1848 fibi
649 1811 797 1848 adnexis
826 1836 837 1854 ‚
880 1816 978 1847 totus
1006 1809 1042 1846 &
1076 1810 1217 1857 integer
1249 1809 1381 1846 deduci
1420 1805 1534 1855 poffit.
1586 1805 1627 1843 ln
1668 1805 1834 1855 quolibet

235 1875 406 1918 praeterea
442 1870 547 1906 acino
568 1896 580 1914 ‚
612 1870 824 1907 vasorumve
854 1869 1019 1917 glomere
1041 1895 1050 1909 ,
1081 1879 1127 1904 ex
1158 1867 1284 1906 eadem
1312 1866 1483 1903 sententia
1506 1893 1515 1907 ,
1554 1863 1678 1901 dustus
1709 1875 1832 1903 excre-

235 1929 349 1966 torius
386 1930 434 1966 est
454 1958 464 1972 ,
500 1929 661 1977 pluresve
691 1928 828 1968 duouli
846 1957 855 1971 ,
879 1929 950 1977 *qui
978 1928 1022 1964 de
1046 1926 1211 1964 arteriola
1230 1926 1382 1963 minima
1406 1953 1414 1968 ,
1456 1924 1831 1976 tamquainramulus

232 1990 376 2032 minor,
400 1988 435 2025 &
467 1988 630 2037 sanguini
657 1989 874 2041 impervius,
893 1987 1068 2024 decedere
1099 1985 1264 2029 videtur,
1296 1995 1379 2035 quae
1407 1983 1539 2021 fabrica
1563 1985 1599 2020 in
1621 1994 1707 2020 reue
1731 1990 1830 2021 certo

232 2048 414 2096 reperitur
431 2077 440 2091 ,
465 2048 502 2085 ἰη
527 2047 602 2085 aliis
626 2048 775 2098 quidem
791 2039 879 2085 colis
899 2058 1029 2095 magna
1046 2056 1127 2083 cnm
1154 2047 1228 2083 veri
1251 2044 1368 2094 specie
1386 2055 1432 2082 ex
1453 2042 1657 2089 conjfflstura
1674 2042 1832 2080 admitti-

233 2112 303 2143 tur.
354 2105 514 2145 sem-etio
546 2107 638 2145 adeo
670 2121 687 2145 a
720 2107 858 2155 vulgari
884 2105 1063 2153 sanguinis
1096 2105 1247 2142 circuitu
1281 2102 1449 2141 haetenus
1475 2100 1614 2143 differt,
1657 2101 1757 2150 quod
1792 2103 1828 2138 in

235 2166 302 2204 isto
334 2166 482 2214 quititm
510 2167 674 2204 uterinis
703 2168 868 2208 minima,
899 2164 1113 2214 cylindrica‚
1145 2165 1182 2200 in
1209 2174 1335 2200 venam
1355 2160 1417 2198 fibi
1440 2160 1641 2209 equalem,
1668 2167 1727 2206 ant
1754 2172 1828 2197 am-

236 2225 393 2275 pliorem
425 2228 682 2270 continuetur,
713 2238 790 2275 qnae
820 2225 1027 2273 sangninem
1054 2226 1213 2274 recipere
1244 2229 1325 2270 apta
1349 2218 1415 2262 fit,
1447 2221 1481 2258 in
1517 2219 1715 2256 humorum
1739 2231 1832 2256 vero

234 2285 457 2339 separatio-ne
482 2285 607 2327 duetus
633 2286 854 2324 excretornss
884 2314 892 2327 ‚‚
931 2284 1041 2322 febro
1075 2281 1215 2322 vassulo
1247 2279 1415 2321 arterioso
1463 2279 1609 2322 minor,
1642 2285 1825 2327 tamquam

1707 2347 1826 2378 ramus
