1968 2706
433 105 622 155 SECT.
661 102 697 153 Ιζ
779 112 847 153 ΙΝ
902 109 1419 153 UNI-VERSUM.
1736 133 1758 167 7

144 220 200 252 tus
230 211 422 250 discrimen
447 207 624 252 admittit,
646 211 733 247 cum
765 208 857 246 nihil
879 209 917 245 in
939 208 1082 246 arterias
1103 210 1249 253 veniat,
1284 207 1346 246 nisi
1364 207 1464 258 quod
1496 221 1543 248 ex
1567 213 1669 250 venis
1692 225 1755 252 cor

143 270 293 321 accepit.
342 269 478 308 Insedit
504 276 624 320 tamen
648 267 878 306 medicorum
906 265 1035 304 animis
1065 269 1242 306 contraria
1281 268 1317 306 ὃς
1347 270 1561 319 perantiqua
1591 274 1721 320 opinio
1741 303 1751 316 ,

142 343 224 382 quae
251 342 297 368 ex
318 327 510 378 hypothesi
535 325 696 381 p'jriinum
723 333 804 365 nata
823 356 834 370 ,
863 327 973 365 etiam
1006 338 1106 364 nunc
1122 326 1368 375 hypotheseos
1399 327 1604 367 neceffitate
1624 329 1656 366 se
1677 338 1754 369 tue-

141 399 213 430 tur.
260 389 406 437 Nempe
444 384 570 423 diversi
599 386 743 434 generis
769 386 966 425 humorem
1003 386 1041 422 in
1068 387 1202 423 arteriis
1228 411 1239 434 ‚
1273 387 1311 424 δε
1332 387 1370 424 in
1388 388 1489 425 venis
1510 394 1648 427 veteres
1686 402 1754 438 po-

141 452 288 488 suerunt
308 456 413 491 ‚non
437 446 463 482 ii
487 443 637 494 quidem
661 446 754 484 adeo
779 453 908 484 contra
928 444 987 483 sua
1013 443 1194 497 principia
1211 447 1317 495 ,qui
1356 446 1530 485 diversam
1566 448 1754 499 utriusque

141 506 320 557 sanguinis
351 503 535 553 originem
563 504 785 555 recepissent.
829 504 994 543 Primum
1021 504 1114 543 adeo
1133 503 1160 542 E
1173 517 1230 543 ΒΑ
1243 517 1257 542 s
1270 517 1282 541 1
1294 517 1308 542 s
1323 517 1347 541 T
1359 518 1381 542 R
1396 518 1418 542 A
1434 518 1458 543 T
1471 518 1495 543 u
1510 516 1528 544 s
1542 536 1552 551 ,
1575 506 1755 545 sincerum

141 572 178 606 in
203 565 338 604 arteriis
368 563 557 613 spiritum,
579 565 789 612 contineri,
814 565 851 601 in
876 566 976 602 venis
1002 575 1089 603 vero
1105 563 1320 613 sanguinem
1339 593 1348 607 ,
1373 576 1457 602 cum
1483 566 1543 604 sua
1569 566 1657 604 secff'ca
1687 568 1755 606 do-

140 624 214 665 cuit
247 626 302 678 [q
321 624 345 671 ].
393 623 453 662 Ita.
471 622 568 674 apud
588 624 675 663 C1c
691 635 745 661 ER
761 635 896 661 onam
927 623 1087 673 legimus
1115 623 1186 672 [r]
1204 649 1216 672 ‚
1245 624 1409 673 spiritum
1437 636 1484 661 ex
1513 625 1690 674 pulmone
1713 629 1752 664 in

128 675 204 724 'cor
223 684 360 733 recipi,
392 683 430 720 &
463 694 529 732 per
564 684 707 721 arterias
746 683 929 726 distribui,
961 683 1175 732 sanguinem
1212 695 1277 732 per
1306 694 1423 720 venas.
1482 683 1532 721 Ita
1553 683 1752 729 Rufus,

138 743 256 783 cordis
283 741 528 780 ventriculum
556 742 726 780 dextrum
758 742 998 791 sanguineum
1020 771 1030 786 ,
1071 741 1248 780 sinistrum
1282 743 1558 792 pneumaticum
1601 752 1708 784 vocat
1738 771 1752 792 ‚

137 815 222 842 cum
256 802 298 840 ab
327 807 481 852 accepto
504 799 632 848 spiritu
661 808 851 840 moveatur
873 800 953 850 [s].
996 801 1068 839 Sed
1094 800 1327 840 GALENUS
1353 804 1460 840 etiam
1477 831 1486 845 ,
1518 814 1603 840 cum
1636 802 1664 841 E
1680 814 1756 842 rm.-

138 872 395 900 srsTRATl
426 859 558 908 placita
601 860 756 898 studiose
789 867 963 899 everteret
996 856 1094 912 [t]‚
1127 868 1250 900 tamen
1284 861 1495 899 arteriosum
1540 861 1754 910 sanguinem

137 934 157 960 a
182 920 318 960 venoso
348 919 534 962 distinxit,
566 919 746 969 illumque
775 933 821 958 ex
850 920 988 960 venoso
1014 921 1167 971 quidem
1191 933 1256 973 per
1282 920 1371 970 septi
1401 921 1521 959 cordis
1548 932 1661 971 poros
1686 934 1755 971 pe-

137 986 304 1020 netrante
330 984 457 1016 natum
472 1007 482 1022 ,
507 985 678 1017 caeterum
710 978 860 1030 spiritu,
889 979 959 1018 five
989 993 1072 1020 aere
1101 993 1120 1019 a
1143 981 1322 1030 pulmone
1344 987 1494 1032 recepto
1524 980 1628 1018 ditari
1648 1011 1657 1025 ,
1682 981 1753 1019 fla-

136 1051 297 1089 vumque
311 1067 322 1081 ,
354 1038 391 1075 &
412 1037 586 1076 floridum
599 1037 667 1075 esse
683 1067 694 1081 ,
717 1038 756 1074 &
775 1036 886 1075 vitam
909 1040 1068 1090 partium
1088 1042 1252 1088 corporis
1278 1041 1429 1078 animati
1447 1040 1553 1078 unice
1577 1039 1749 1078 sustinere

77 1138 80 1139 γ
137 1098 266 1137 docuit
285 1122 298 1145 ,
321 1108 406 1135 cum
429 1096 577 1137 interim
606 1095 760 1135 venosus
793 1109 903 1136 cruor
927 1126 937 1141 ,
966 1097 1023 1134 his
1049 1096 1197 1134 dotibus
1219 1097 1406 1135 destitutus
1422 1128 1432 1141 ,
1460 1099 1600 1136 easdem
1633 1106 1754 1149 partes

137 1158 281 1196 nutriat.
342 1155 513 1208 Denique
548 1157 793 1195 ARETffius
825 1157 904 1205 [u]
943 1155 1095 1206 perinde
1125 1156 1200 1193 fere
1221 1185 1230 1199 ‚
1261 1157 1315 1193 uti
1352 1158 1483 1205 nuperi
1524 1158 1716 1206 scriptores
1739 1187 1748 1200 ,

136 1217 350 1265 sanguinem
380 1228 428 1254 ex
455 1219 582 1255 arteria
609 1216 742 1255 flavum
759 1246 769 1261 ,
797 1224 1021 1268 tenuemque
1046 1215 1156 1253 fluere
1185 1214 1351 1265 scripsit,
1388 1227 1407 1253 a
1442 1227 1533 1253 vena
1575 1216 1721 1255 crassum
1741 1245 1750 1259 ,

137 1282 180 1313 ut
207 1282 330 1313 tamen
358 1275 530 1321 adderet,
558 1277 769 1315 arteriosum
798 1275 993 1315 difficulter
1026 1274 1249 1328 spissescere,
1276 1273 1451 1313 venosus-n
1477 1275 1592 1313 facile.

234 1332 331 1372 Cum
355 1333 618 1374 HARvssius
641 1335 821 1385 sanguinis
843 1335 885 1374 in
909 1336 1040 1374 orbem
1069 1336 1137 1373 iter
1167 1333 1354 1372 detexisset
1375 1362 1385 1377 ,
1416 1335 1478 1372 vix
1501 1340 1647 1386 poterat
1677 1333 1756 1372 haec

137 1399 285 1442 recepta
316 1394 502 1443 utriusque
530 1395 712 1441 sanguinis
738 1395 920 1431 diverfitas
943 1395 1045 1432 firma
1072 1406 1230 1432 manere.
1280 1393 1370 1431 Non
1398 1395 1496 1431 enim
1516 1394 1622 1432 unice
1655 1394 1756 1431 idem

138 1453 177 1489 in
201 1452 335 1490 arteriis
360 1450 501 1499 sanguis
527 1451 575 1488 est
596 1479 606 1494 ,
634 1451 698 1501 qui
717 1452 754 1488 in
780 1452 880 1490 venis
906 1451 1000 1499 fuit,
1024 1450 1085 1489 sed
1113 1457 1285 1501 praeterea
1310 1452 1546 1501 rapidissimus
1572 1453 1753 1502 sanguinis

138 1509 311 1548 circuitus
337 1509 446 1553 facit,
473 1516 516 1548 ut
538 1510 637 1548 idem
664 1521 765 1548 nuuc
794 1522 842 1549 ex
875 1512 1000 1548 arteria
1025 1510 1167 1559 sanguis
1191 1510 1280 1549 fluat
1305 1537 1316 1558 ‚
1350 1511 1414 1561 qui
1448 1519 1531 1550 ante
1568 1523 1645 1549 non
1677 1511 1755 1560 ple-

138 1580 229 1606 num
257 1568 357 1605 horae
389 1570 574 1607 minutum
592 1568 770 1612 venosus,
804 1579 870 1618 pet
913 1570 1078 1606 arteriam
1119 1569 1371 1618 pulmonalem
1401 1568 1556 1607 advenit.
1631 1569 1754 1616 Quare

138 1626 403 1665 HARvmus
433 1626 521 1673 [x]
540 1656 549 1671 ,
585 1627 768 1677 primique
790 1628 961 1677 circuitus
988 1627 1174 1676 sanguinei
1197 1628 1346 1665 statores
1374 1655 1383 1668 ‚
1426 1628 1639 1666 arteriosum
1678 1629 1755 1665 san-

139 1687 290 1735 guinem
312 1693 373 1723 aut
398 1697 492 1734 aegre
523 1699 542 1724 a
575 1686 713 1724 venoi'o
753 1685 921 1730 differre,
948 1692 1009 1724 aut
1048 1685 1140 1723 nihil
1183 1684 1410 1735 quidquam,
1449 1688 1640 1724 communi
1679 1688 1755 1724 fere

139 1744 315 1783 consensu
348 1744 554 1783 docuerunt
579 1746 597 1791 [
608 1743 689 1798 y],
725 1757 844 1797 neque
860 1747 900 1783 in
925 1745 1051 1783 colore
1083 1744 1277 1783 discrimen
1301 1744 1547 1788 admiserunt,
1579 1758 1699 1796 neque
1715 1747 1755 1782 in

140 1803 313 1842 densitate
332 1833 341 1847 ,
374 1816 492 1855 neque
514 1805 553 1842 in
578 1803 792 1856 elementis,
818 1807 858 1844 in
887 1816 967 1856 quae
1001 1804 1144 1854 sanguis
1174 1803 1354 1843 resolutus
1400 1803 1562 1843 discedit.
1621 1804 1755 1854 Neque

1564 1870 1752 1906 remotus,

221 1976 285 2016 (q)
308 1975 400 2015 Apud
425 1974 453 2006 G
468 1986 487 2007 A
500 1987 550 2007 ιε
563 1988 584 2008 u
599 1987 623 2009 υ
638 1985 667 2007 Μ
691 1974 728 2008 de
758 1975 865 2011 Hrm’
892 1981 922 2010 δι
947 1977 995 2009 Pr,
1009 1986 1028 2009 A
1043 1986 1067 2008 τ
1082 1988 1101 2009 0
1115 1988 1181 2010 ius
1195 1976 1354 2011 decretal..
1371 1976 1430 2010 v1.
1447 1987 1475 2009 c.
1494 1987 1523 2013 7-
1547 1978 1575 2009 ἃς
1598 1976 1631 2008 in
1650 1975 1755 2008 libello

139 2016 281 2059 nuperius
307 2018 419 2056 scripto
432 2035 441 2050 ‚
466 2029 505 2048 an
517 2016 636 2058 fivzguis
656 2022 763 2048 natura
786 2021 819 2050 in
840 2022 951 2052 arteriis
967 2019 1154 2051 contineatur.

234 2058 295 2096 (r)
317 2062 362 2090 DJ
388 2065 495 2090 natura
521 2062 637 2091 deorum
661 2058 695 2090 L.
720 2056 763 2090 ῙῙ.
787 2072 817 2101 p.
839 2073 880 2093 m.
899 2069 970 2100 603.

229 2100 292 2137 (s)
319 2103 362 2131 De
384 2101 505 2138 appellat.
523 2108 602 2140 part.
627 2100 663 2132 L.
685 2098 775 2140 11.p.
805 2113 852 2141 59.
869 2104 942 2135 edit.
969 2100 1074 2133 Cur<
1088 2112 1147 2134 ca.

229 2140 289 2176 (t)
315 2141 368 2173 An
386 2140 505 2180 fimguis
529 2149 637 2173 natura
660 2144 692 2172 in
710 2148 795 2173 arter.
818 2147 923 2176 contin.

226 2182 294 2219 (u)
315 2185 361 2214 De
382 2182 468 2221 cazfis
486 2183 524 2221 ἓξ
529 2183 620 2223 signis
643 2185 763 2216 Acutor.
793 2184 829 2216 L.
854 2186 900 2217 II.
926 2197 953 2218 c.
974 2198 1000 2219 2.

227 2221 296 2258 (x)
317 2225 441 2255 Exercit.
461 2222 503 2255 II.
515 2236 547 2266 p.
568 2235 638 2257 221.

224 2261 289 2300 (y)
306 2265 371 2300 Joh.
385 2264 432 2294 W
445 2274 465 2296 Α
475 2276 533 2297 1.AE
547 2277 571 2298 υ
584 2278 595 2298 s
623 2268 665 2310 *de
686 2273 765 2298 motu
783 2270 856 2307 chyli
886 2271 924 2308 {55⁹
950 2270 1100 2313 sanguinis·
1126 2271 1209 2310 apud
1243 2268 1267 2300 B
1278 2278 1298 2301 Α
1308 2277 1330 2301 n
1341 2276 1365 2299 ‘1‘
1376 2278 1395 2299 n
1408 2278 1426 2299 o
1439 2277 1505 2299 Lm
1518 2276 1543 2298 U
1555 2276 1584 2299 Μ
1612 2265 1697 2299 Edit.
1732 2265 1758 2299 I,

145 2313 175 2341 Ρ·
193 2307 273 2348 3852
287 2303 372 2334 Edit·
392 2305 449 2338 IV.
465 2317 494 2346 p.
514 2315 584 2346 762.
613 2308 637 2338 B
648 2320 668 2340 A
681 2320 703 2339 R
716 2318 740 2340 '1'
751 2320 772 2340 Η
785 2320 803 2340 o
816 2321 834 2340 L
846 2323 858 2342 1
870 2324 889 2342 N
902 2323 926 2344 U
940 2323 951 2342 s
977 2315 1038 2353 lpse
1063 2312 1148 2343 Edit.
1164 2311 1221 2343 IV.
1243 2318 1322 2342 anat.
1350 2321 1442 2339 renov.
1466 2319 1496 2348 p.
1528 2315 1594 2343 380.
1616 2308 1637 2338 P
1651 2319 1669 2338 1.
1685 2319 1702 2338 E
1714 2318 1755 2338 M—

145 2353 165 2375 t
177 2354 190 2376 1
200 2354 226 2377 u
241 2355 252 2376 s
265 2343 435 2384 infundam.
449 2350 546 2380 medic.
560 2359 588 2390 p.
598 2359 610 2380 1
619 2350 949 2392 17.Sevr.1zmusph0cae
959 2363 1036 2386 amc.
1051 2365 1132 2394 ρῳ.
1145 2352 1253 2385 deinde
1263 2351 1302 2383 L1
1310 2360 1389 2382 §TER
1402 2353 1498 2382 Exere.
1511 2349 1643 2381 Annali.
1653 2355 1754 2389 9195-
