1968 2706
526 122 715 163 MOTI
765 115 1151 161 EFFECTUS'
1565 134 1669 168 ‘319

58 232 178 273 neque
230 219 430 271 quidquam
466 214 513 257 in>
539 217 762 269 pulmonum
803 216 984 254 ulceribus
1017 217 1199 265 peculiare
1245 215 1324 255 effe.
1384 214 1551 256 Demurn
1592 219 1668 257 san-

57 284 210 331 guinem
245 294 264 318 a
295 279 415 317 multo
453 279 582 326 majori
611 278 748 326 frigore
779 276 930 313 minime
973 275 1158 314 addensari
1198 273 1280 324 (k)
1314 306 1325 320 ‚
1369 289 1480 326 quam
1509 278 1663 326 quidem

58 341 174 389 vulgo
199 340 409 391 experimur
437 351 446 375 :
484 349 564 387 quae
584 348 671 375 vero
702 336 747 373 de
781 335 957 385 sanguine
982 347 1082 372 venae
1102 335 1325 385 pulmonalis
1346 339 1589 386 praerogativa
1610 337 1662 374 di-

58 406 218 442 cuntur,
245 410 285 436 ea
317 397 574 447 experimentis
604 405 819 444 repugnare.
989 426 990 429 ,

130 459 229 496 ,Alio
258 469 347 505 ergo
374 455 520 494 videtur
547 454 820 493 recurrendum
856 451 977 489 Massae
1006 451 1156 502 quidem
1184 452 1387 501 sanguineae
1419 455 1581 494 densatio
1595 458 1663 494 ob-

58 520 222 562 tinetur,
247 511 392 566 quoties
422 513 610 563 plurimi
589 513 732 552 olobnlr
760 518 940 561 parantur.
985 510 1148 560 Oportet
1179 513 1271 550 adeo
1290 525 1419 552 eorum
1447 518 1661 561 materiem,

61 578 244 626 adipem,
277 574 412 612 ferrum
436 599 467 618 ,
476 572 626 622 copiose
655 572 784 622 praesto
816 569 920 608 effe:
946 571 1174 619 multamque
1201 573 1274 609 vim
1299 573 1559 613 circumeuntis
1580 576 1661 614 san-

60 638 181 685 guinis
212 645 291 672 eam
319 634 529 675 materiam,
563 634 616 670 uti
636 632 794 668 diximus
825 625 926 679 (l),
957 631 995 667 in
1019 629 1194 677 globulos
1222 630 1385 679 figurare.
1425 633 1587 682 Oportet
1604 647 1663 673 eas

60 697 152 731 vires
187 695 267 731 vitae
293 692 362 730 esse
390 720 400 735 ,
447 693 484 729 δε
522 690 700 728 viscerum
726 690 906 739 imprimis
941 690 1198 739 praeparationi
1231 690 1330 739 chyli
1360 692 1614 740 praefectorum
1650 721 1662 737 ,

61 762 102 791 ut
134 754 301 791 materies
329 750 491 799 globulis
521 748 689 799 parandis
717 757 799 797 apta
825 748 945 785 omnis
971 746 1178 785 elaboretur
1198 759 1319 798 neque
1347 778 1357 792 ,
1377 762 1443 799 per
1464 752 1664 791 diarrhoeas

62 812 244 862 crudaque
273 809 345 849 alvi
366 815 599 848 excrementa
622 807 875 858 disperdaturp
924 807 1036 857 Aquae
1056 809 1162 856 copia
1186 808 1363 846 minuitur
1390 810 1488 847 bona
1522 812 1557 848 ἃ
1577 813 1667 850 ube-

60 871 148 909 riori
171 870 460 923 perspiratione,
484 869 614 906 sudore
632 897 642 911 ,
662 867 836 915 expedito
855 877 918 915 per
941 868 1065 904 onmia
1088 867 1322 904 excernicula
1354 866 1539 917 sanguinis
1565 883 1668 908 com-

61 937 184 968 meatu
204 958 214 972 ,
244 929 379 966 viribus
401 929 444 965 iis
461 954 473 972 ‚
507 940 588 977 quae
611 939 689 964 non
712 925 827 964 fiuant
854 925 980 963 crudas
1015 924 1160 963 manere
1195 926 1413 977 particulas,
1448 939 1495 966 ex
1537 931 1669 979 quibus

62 987 209 1037 globuli
238 989 353 1040 parari
379 987 525 1036 possint.

159 1047 322 1095 Singulae
346 1047 526 1094 sanguinis
556 1044 709 1083 massulae
743 1051 783 1082 ut
814 1044 1008 1081 densentur
1028 1070 1039 1091 ‚
1059 1043 1130 1080 fere
1166 1043 1334 1082 diximus.
1383 1046 1419 1084 Si
1440 1049 1598 1097 recipere
1628 1050 1671 1087 li-

63 1106 257 1150 cet‚lac‘’ris
285 1105 458 1154 globulos
483 1105 588 1143 albos
614 1103 683 1154 (m
704 1104 747 1150 ),
778 1103 956 1151 grandes,
995 1104 1032 1139 &
1064 1103 1166 1139 laxos
1191 1102 1259 1139 esse
1282 1133 1292 1147 ‚
1327 1115 1506 1156 poterunt
1541 1110 1671 1158 utique

63 1168 87 1203 ii
106 1164 253 1214 globuli
278 1163 381 1214 preffi
397 1189 410 1207 ,
436 1164 623 1212 multaque
641 1164 674 1200 vi
691 1175 756 1214 per
776 1162 924 1210 angusta
950 1163 1191 1200 minimorum
1218 1162 1444 1203 vasculorum
1469 1167 1548 1205 cola
1577 1169 1666 1212 aar,

64 1237 180 1273 aqua,
204 1224 240 1261 δε
263 1222 419 1280 leviori,
448 1229 508 1260 aut
536 1222 726 1271 peregrina
757 1222 906 1259 materie
937 1221 1102 1264 liberari,
1133 1232 1173 1258 ea
1211 1232 1298 1258 vero
1336 1223 1515 1262 elementa
1546 1252 1557 1273 ,
1587 1239 1668 1277 quae

64 1283 304 1333 globulorum
333 1283 520 1331 propriam
549 1288 715 1318 naturam
747 1280 999 1325 constituunt,
1024 1279 1061 1317 in
1086 1279 1283 1328 propiores
1307 1285 1495 1322 contaetus
1522 1290 1669 1334 urgeri,

64 1351 104 1381 ut
132 1341 217 1393 pori
244 1343 482 1384 minuantur,
504 1339 726 1388 leviorisque
757 1336 925 1377 materiei
951 1339 1075 1389 portio
1106 1339 1286 1377 decrescat
1313 1370 1323 1384 ,
1362 1342 1584 1394 densiorque
1615 1341 1673 1384 su'.

67 1401 181 1451 perlit.
218 1400 272 1438 Ita
302 1400 398 1438 lauis
415 1428 424 1443 ‚
453 1400 597 1448 chylive
626 1399 773 1448 pondus
798 1396 1008 1446 specificum
1037 1398 1227 1446 augebitur
1256 1399 1345 1448 (n)
1369 1409 1410 1439 ut
1432 1403 1510 1441 sero
1532 1405 1670 1454 primo,

66 1461 199 1498 deinde
235 1461 356 1497 cruori
381 1459 517 1509 aequale
539 1458 611 1495 fiat.
673 1458 805 1507 Neque
832 1457 985 1495 dubium
1017 1457 1088 1500 est,
1113 1457 1307 1505 globosam
1332 1460 1486 1509 figuram
1520 1463 1640 1503 facere
1657 1494 1668 1507 ‚

67 1528 107 1556 nr
136 1518 410 1568 ponderossoris
439 1518 599 1555 materiei
624 1518 663 1554 in
685 1517 779 1555 *dato
804 1515 992 1554 volumine
1020 1516 1101 1567 plus
1126 1515 1168 1553 fit
1188 1545 1199 1561 ‚
1236 1529 1343 1567 quam
1377 1520 1448 1557 ulla
1474 1522 1511 1558 in
1539 1522 1605 1559 alia
1631 1522 1672 1559 fi.

69 1591 158 1627 gura
193 1574 270 1615 ess'e*
293 1577 424 1627 potest.

159 1636 227 1674 Etsi
266 1648 365 1674 nunc
389 1643 524 1674 naturae
550 1647 690 1675 arcanas
722 1635 870 1673 fabricas
900 1636 1026 1684 utique
1058 1636 1209 1673 minime
1236 1638 1379 1683 penitus
1408 1638 1668 1691 perspicimus,

70 1705 190 1732 tamen
220 1696 467 1733 indubitatum
496 1697 567 1742 est,
599 1695 846 1732 musculorum
883 1694 1096 1742 diifgerrtem
1131 1694 1260 1737 usum,
1301 1699 1542 1747 corporisque
1578 1702 1670 1738 naui-

69 1763 142 1796 tam
171 1755 469 1792 exercitationem
494 1757 532 1792 in
561 1752 736 1796 homine,
769 1755 880 1802 inque
904 1752 984 1803 ipfis
1004 1754 1217 1791 animalibus
1243 1753 1357 1804 adipis
1393 1757 1429 1792 ὃς
1454 1768 1556 1807 aquae
1582 1773 1668 1809 por„

70 1816 211 1850 tionem
242 1814 425 1857 minuere,
450 1814 690 1862 globulorum
723 1825 809 1850 vero
836 1814 981 1861 copiam
1005 1823 1137 1860 augere
1161 1839 1172 1857 ‚
1199 1813 1489 1864 sanguinemque
1516 1819 1669 1856 rubrum

71 1871 221 1910 reddere
246 1871 493 1921 densumque:
526 1872 664 1910 febrem
690 1871 848 1920 denique
877 1872 987 1918 (o),
1015 1882 1096 1920 quae
1123 1872 1159 1907 δε
1182 1871 1255 1920 ipsa
1279 1872 1400 1910 anetus
1420 1874 1541 1912 cordis
1563 1877 1669 1916 labor

73 1932 256 1982 est,pene
280 1930 399 1968 subito
420 1930 569 1979 coaguli
594 1931 787 1968 duritatem
815 1941 948 1978 augere
974 1959 985 1974 ,
1022 1931 1059 1966 δι
1090 1941 1196 1979 aquae
1226 1931 1440 1979 portionem
1475 1935 1640 1975 minuere
1658 1967 1668 1980 ‚

73 1992 184 2039 inque
204 1984 276 2027 v1vi
300 1990 463 2028 hominis
492 1989 738 2039 aneurysmate
769 1988 983 2037 sanguinem
1019 1988 1152 2027 eodem
1188 1989 1318 2027 ordine
1350 1990 1487 2029 densari
1516 2006 1562 2031 eo
1596 2009 1670 2034 ma.

74 2052 148 2097 gis,
167 2061 244 2100 quo
271 2047 393 2088 cordis
408 2050 500 2088 vires
525 2049 754 2099 potentiores
768 2049 976 2098 experitur,
998 2054 1038 2088 ut
1057 2049 1186 2088 intima
1207 2050 1343 2089 arteria:
1366 2050 1493 2089 mollia
1517 2057 1672 2103 coagula

130 2131 131 2134 ¹
1504 2120 1668 2153 teneant„

160 2219 225 2257 (ἢ)
248 2222 281 2253 L.
307 2221 394 2253 VIII.
407 2225 441 2254 de
463 2222 555 2263 respir.

159 2266 172 2297 (
191 2266 228 2298 l>
253 2274 282 2302 p.
307 2275 370 2301 309.
389 2273 453 2302 310.

161 2305 241 2339 (m)
266 2303 358 2335 Cont’.
380 2316 409 2344 p.
441 2318 483 2342 52·

157 2347 236 2425 ((ῑιὶ)
265 2344 327 2376 Lac
353 2348 391 2376 ad
414 2347 511 2377 seium
541 2346 580 2377 cst
604 2346 650 2376 uti
673 2351 727 2386 567
753 2349 778 2378 ὃς
810 2354 876 2385 568.
905 2346 943 2379 ad
969 2356 1034 2387 569.
1067 2348 1226 2382 'ss-2011
1249 2359 1321 2380 exem
1320 2350 1356 2379 it
1390 2360 1418 2389 p.
1442 2356 1491 2387 64.

193 2398 206 2415 0
252 2397 282 2425 Ρ
307 2397 353 2423 43
377 2397 425 2424 44
