1968 2706
326 170 411 208 295
471 156 583 200 LIR.
608 155 689 200 VI.
720 149 1003 198 SECTHI.
1039 156 1386 198 SANGUINIS
1422 158 1533 199 PER
1573 159 1882 200 ARTERlAS

332 258 463 309 phocae
479 258 574 295 enim
589 256 730 304 sanguis
743 267 819 293 non
835 253 1050 307 pauciffimis
1063 255 1242 303 gradubus
1255 255 1417 294 humano
1429 254 1578 293 calidior
1598 256 1645 294 est
1668 252 1752 306 (b)
1775 269 1782 295 ε
1808 258 1841 295 Sc
1859 256 1935 296 haec

332 317 482 368 quidem
499 315 663 354 animalia
676 315 748 352 fere
772 323 873 352 tanto
906 314 1045 351 felicius
1067 316 1097 350 vi
1110 321 1210 357 xum,
1237 322 1376 365 quanto
1401 315 1648 363 frigidioribus
1663 317 1698 353 in
1713 319 1812 367 aquis
1828 317 1930 356 habi-

327 384 422 419 tant,
440 375 575 425 sibique
588 376 683 412 inter
701 374 869 422 glaciales
890 373 1018 411 insulas
1032 402 1040 416 ‚
1062 374 1096 410 &
1121 374 1184 411 sub
1208 373 1288 424 ipfis
1307 375 1436 423 glaciei
1452 375 1600 423 campis,
1622 374 1811 413 desiderata
1834 376 1926 426 asyla

331 436 502 484 seligunt.
542 433 645 471 Adeo
669 445 756 471 vero
783 440 924 470 certum
950 433 1020 475 est,
1046 445 1066 481 a
1091 440 1196 470 motu
1226 435 1262 471 δι
1287 434 1452 483 corporis
1479 434 1740 472 exercitatione
1762 434 1841 472 haec
1866 436 1924 473 fri-

333 507 423 544 gora
455 493 611 545 superari
638 522 648 537 ‚
681 500 721 531 ut
746 492 810 544 ipsi
839 492 999 534 barbari,
1035 494 1097 541 qui
1120 493 1157 529 in
1183 505 1229 531 eo
1253 492 1379 542 gelido
1409 505 1487 530 aere
1515 492 1619 530 facile
1643 493 1765 532 vitales
1803 494 1924 544 super-

333 554 438 596 sunt,
468 553 557 590 dum
581 560 757 590 venantur
774 578 785 598 ,
816 550 963 600 quando
981 563 1045 599 per
1062 553 1199 589 viarum
1225 565 1362 589 errores
1386 552 1418 589 se
1442 551 1567 590 vident
1582 553 1783 602 perituros,
1802 554 1924 602 quiete

336 612 410 650 sola
439 619 598 650 mortem
625 611 872 648 inevitabilem
904 610 1100 648 accelerare
1133 613 1257 649 norint
1284 605 1399 660 (b*).

420 670 571 709 Addunt
596 670 650 708 Ill.
676 673 766 714 viri,
799 682 844 707 eo
873 670 986 718 magis
1013 667 1110 706 suam
1136 670 1349 708 sententiam
1389 670 1536 721 probari
1561 698 1570 713 ,
1595 683 1668 719 quo
1703 671 1859 720 penitius
1884 670 1921 707 in

330 732 408 779 ejus
437 730 644 767 firmitatem
670 731 881 778 inquiratur.
927 728 1128 767 ostendisse
1155 729 1188 767 se
1207 758 1216 773 ,
1253 736 1360 767 motu
1393 730 1573 778 sanguinis
1599 731 1796 768 constituto
1827 729 1923 766 calo-

330 801 407 827 rem
431 788 626 836 constitui,
654 800 755 826 nunc
779 788 982 825 ostensuros
1001 816 1011 830 ,
1040 788 1143 826 aufto
1174 795 1277 826 motu
1308 800 1392 826 eum
1433 788 1592 826 calorem
1625 790 1778 837 augeri,
1812 788 1923 824 dimi-

329 857 422 886 nuto
446 849 626 891 diminui,
653 848 791 885 sublato
815 847 907 884 tolli.
953 846 1050 895 Ergo
1069 876 1079 889 ‚
1103 859 1188 885 cum
1218 847 1315 885 calor
1342 847 1519 884 humanus
1538 860 1593 894 94
1613 848 1647 884 ὃς
1679 855 1732 893 96
1751 848 1823 885 fere
1841 858 1921 894 gra-

331 907 446 945 duum
473 906 748 945 fahrenheitiani
774 906 1026 943 thermometri
1049 904 1112 949 fit,
1132 908 1256 955 augeri
1272 918 1356 944 eum
1375 906 1555 950 calorem,
1582 907 1730 956 quando
1753 906 1920 957 pulsuum

331 978 504 1004 numerus
536 966 572 1002 δι
597 965 789 1014 plenitudo
819 993 828 1007 ‚
870 971 978 1014 atque
1011 964 1103 1002 adeo
1131 965 1293 1003 celeritas
1321 965 1500 1013 sanguinis
1532 965 1610 1011 (c)
1637 972 1799 1014 augetur.
1841 963 1922 1001 Sive

334 1027 434 1062 enim
463 1024 507 1061 ab
530 1026 578 1062 ira
599 1053 608 1068 ‚
641 1025 837 1073 cupiditate
857 1050 867 1071 ‚
903 1023 1038 1072 gaudio
1056 1053 1066 1067 ‚
1099 1024 1260 1073 pudore,
1293 1024 1415 1076 pulsus
1435 1023 1652 1061 increbescat
1676 1053 1686 1067 ‚
1715 1023 1785 1061 five
1806 1036 1823 1061 a
1841 1035 1920 1060 cor-

331 1086 432 1134 poris
454 1084 715 1122 exercitatione
733 1112 743 1127 ,
773 1083 842 1120 five
870 1094 887 1120 a
913 1082 1012 1131 pastu
1032 1111 1042 1125 ‚
1069 1081 1137 1120 five
1159 1084 1202 1121 ab
1223 1083 1442 1121 aromatibus
1458 1112 1468 1127 ,
1488 1089 1549 1121 aut
1577 1095 1595 1120 a
1622 1083 1746 1131 spiritu
1769 1083 1844 1119 vini
1874 1094 1918 1118 e-

328 1152 422 1194 poto
447 1173 457 1187 ,
494 1142 564 1181 five
591 1156 609 1181 a
636 1143 735 1180 febre
752 1171 762 1186 ‚
797 1153 815 1179 a
845 1153 1061 1191 quacunque
1091 1142 1241 1179 demum
1264 1142 1364 1180 causa
1390 1171 1400 1185 ,
1430 1153 1510 1190 quae
1535 1141 1705 1190 pulsuum
1728 1152 1920 1179 numerum

328 1204 494 1246 auxerit,
519 1203 555 1239 Sc
575 1202 688 1239 robur
707 1230 717 1245 ,
743 1201 786 1238 ab
802 1212 843 1238 ea
871 1202 978 1237 etiam
1002 1200 1163 1238 calorem
1190 1203 1227 1238 in
1249 1200 1419 1249 sanguine
1444 1201 1587 1249 augeri,
1608 1200 1727 1238 donee
1741 1200 1920 1238 summum

327 1263 483 1313 gradum
512 1262 700 1310 adtingat,
731 1261 794 1309 qui
823 1263 858 1297 in
888 1259 1081 1296 hominem
1114 1260 1229 1303 cadit,
1261 1260 1297 1296 ἃ
1323 1261 1485 1309 quinon
1512 1259 1616 1298 valde
1648 1259 1770 1297 multis
1790 1257 1921 1307 gradu-

328 1323 394 1361 bus
421 1320 655 1360 centesimum
678 1320 818 1368 superat
847 1318 863 1365 (
879 1314 947 1368 d).
999 1318 1155 1369 Neque,
1185 1317 1355 1362 viciffim,
1386 1330 1545 1368 unquam
1565 1317 1723 1357 calorem
1751 1317 1917 1360 intendi,

257 1390 266 1398 ⁹
329 1385 418 1432 quin
455 1392 525 1419 una
556 1379 675 1430 pulsus
704 1378 924 1416 increbuerit
959 1377 975 1425 (
993 1378 1058 1425 e).

426 1440 497 1477 Sed
528 1440 636 1477 etiarn
662 1438 889 1479 frictionem.
920 1438 1130 1475 irritationis
1163 1449 1298 1486 genus,
1330 1437 1491 1475 calorem
1523 1434 1710 1475 manifesto
1744 1447 1877 1484 augere
1906 1434 1919 1478 ‚'

329 1502 363 1539 ἃ
392 1498 717 1536 inflammationem
738 1526 747 1540 ,
767 1497 802 1533 in
823 1509 892 1547 qua
911 1497 1025 1534 rubor
1059 1497 1094 1534 &
1121 1497 1276 1546 pulsatio
1305 1497 1486 1545 sanguinis
1510 1496 1652 1533 audium
1671 1501 1815 1532 motum
1846 1495 1918 1531 evi-

325 1560 454 1598 denter
471 1557 698 1595 demonstrat.
741 1555 823 1593 Una
857 1556 954 1594 enim
979 1556 1149 1594 ruborem
1167 1585 1176 1599 ‚
1202 1556 1451 1606 sanguinisque
1467 1555 1511 1593 ad
1536 1554 1746 1592 eonfristam
1775 1559 1916 1602 partem

325 1619 490 1670 corporis
508 1616 723 1654 confluxum
739 1615 945 1652 increscere.
973 1614 1088 1652 Porro
1107 1627 1151 1652 eo
1170 1617 1345 1663 majorem
1368 1615 1460 1652 nasci
1488 1614 1665 1656 calorem,
1687 1624 1760 1662 quo
1782 1612 1912 1649 humo-

324 1691 380 1715 res
402 1676 527 1714 vitales
558 1674 738 1713 densiores
756 1674 889 1711 fuerint
910 1703 919 1717 ,
941 1673 1106 1722 adeoque
1132 1675 1175 1711 ab
1193 1675 1326 1712 eodem
1356 1681 1458 1711 motu
1481 1685 1543 1723 per
1561 1685 1600 1710 ea
1628 1671 1703 1709 vasa
1721 1673 1835 1717 maior
1853 1669 1916 1705 fri-

324 1739 393 1775 stio
410 1735 572 1772 nascitur.
637 1733 700 1769 Uti
723 1733 961 1780 globulorum
987 1744 1156 1770 numerus
1186 1733 1337 1775 crescit,
1365 1732 1401 1769 ὃς
1432 1731 1704 1769 craffamentum
1746 1729 1795 1765 est
1829 1728 1917 1765 ube-

322 1797 394 1834 rius
416 1788 511 1845 (f),
551 1805 595 1830 eo
621 1793 737 1839 maJ'or
764 1791 890 1828 caloris
916 1790 1048 1839 gradus
1075 1791 1244 1834 obtinet,
1271 1802 1389 1840 neque
1421 1790 1552 1839 absque
1572 1789 1704 1826 rubore
1732 1787 1830 1825 calor
1849 1787 1918 1829 est,

319 1853 393 1893 five
429 1853 609 1901 sanguinis
631 1844 768 1887 conciti
806 1850 1034 1887 abundantia.
1098 1850 1167 1887 bed
1201 1850 1308 1887 etiarn
1346 1850 1427 1885 ferri
1462 1850 1710 1889 elementum,
1752 1845 1852 1895 quod
1882 1847 1921 1882 in

316 1913 478 1964 globulis
504 1910 706 1960 sanguineis
745 1909 862 1954 latet,
889 1909 933 1949 ad
963 1909 1122 1950 calorem
1164 1908 1445 1961 producendum
1477 1906 1612 1964 aliquid
1641 1905 1807 1944 conferre
1847 1915 1921 2000 psto-

1820 1971 1851 2001 τε
1906 1991 1919 2013 ,

399 2099 467 2134 (b)
490 2097 595 2128 Phocae
624 2096 656 2127 in
678 2102 748 2130 cute
771 2094 855 2126 calor
871 2088 912 2121 est
937 2100 991 2120 ιω.
1013 2094 1183 2131 graduum,
1199 2093 1230 2125 in
1250 2093 1412 2125 abdomine
1426 2101 1471 2131 gr.
1495 2099 1559 2129 103.
1579 2088 1615 2120 M
1628 2101 1646 2121 A
1660 2101 1682 2122 R
1693 2098 1716 2120 ‘r
1729 2101 1739 2120 1
1756 2101 1777 2120 N
1791 2102 1807 2120 E
1823 2087 1922 2130 Effizys

309 2152 341 2182 p.
368 2150 433 2178 337.
465 2138 560 2169 Conf.
578 2149 608 2177 p.
626 2143 674 2173 36.

396 2179 493 2217 (Η)
519 2178 634 2210 Ostiaci
657 2178 723 2209 1513
741 2186 861 2209 naun
897 2170 974 2202 IDE
993 2180 1006 2201 S
1033 2180 1098 2208 irin.
1120 2186 1150 2215 p.
1171 2188 1218 2213 45-

397 2224 460 2258 (c)
486 2226 567 2260 p.36.
582 2223 726 2256 266.267.
741 2218 832 2249 Calor
852 2221 1002 2254 maximus
1018 2220 1058 2252 est
1071 2227 1137 2251 cum
1157 2217 1243 2258 pulsu
1254 2215 1427 2248 constanter
1440 2216 1533 2256 pleno
1551 2212 1567 2242 S
1578 2223 1595 2241 c
1608 2225 1625 2245 n
1637 2225 1675 2246 w
1687 2225 1705 2246 1.
1719 2224 1739 2246 Ν
1753 2227 1774 2247 ιζ
1791 2225 1808 2246 ε
1831 2222 1881 2254 με
1889 2225 1913 2244 1.

394 2265 466 2339 {53
482 2269 615 2333 &albia
639 2302 735 2341 pulsus
756 2301 932 2341 frequentia
958 2299 995 2332 M
1007 2309 1028 2331 A
1042 2308 1061 2329 a
1073 2308 1097 2331 'r
1112 2310 1123 2329 ι
1142 2310 1160 2331 u
1174 2310 1190 2330 ε
1217 2299 1249 2330 de
1269 2300 1356 2331 mim.
1375 2298 1495 2339 stmilib.
1522 2308 1552 2338 p.
1576 2306 1642 2338 2131

418 2344 481 2383 (f)
504 2356 533 2385 p·
553 2353 625 2382 ²24-
