1968 2706
224 218 309 255 442
569 200 703 244 ΜΒ.
749 199 890 244 VII.
935 191 1137 244 SECT.
1166 201 1260 243 ΙΙΙ.
1305 203 1532 245 CAUSAE

226 301 249 340 S
266 314 289 339 T
306 313 329 338 A
345 313 371 338 n
387 313 407 339 L
423 313 435 338 1
454 314 479 340 U
495 311 513 341 s
529 330 538 345 ‚
573 301 609 337 &
645 302 727 350 qui·
744 307 826 340 ante
856 300 879 338 S
894 310 922 338 T
934 312 957 338 A
971 315 996 339 u
1009 316 1031 340 L
1048 315 1060 339 1
1075 312 1100 338 υ
1117 313 1147 339 m
1175 303 1303 340 animae
1333 290 1449 340 etiams
1478 301 1640 341 vitalium
1668 300 1836 344 motuum

220 363 324 399 frena
356 362 578 403 tribuerunt
608 361 652 397 ab
681 361 799 399 anima
829 362 901 397 vim
933 361 1144 400 secretionis
1176 362 1282 411 dirigi
1306 361 1541 411 scripserunt,
1564 363 1730 411 &nuper
1756 361 1836 414 (c)

225 416 433 475 Adolphus
462 416 683 460 Ριίάθνὶειις
703 420 777 458 Ho
793 433 971 458 FMANN
989 434 1010 459 u
1027 433 1044 459 s
1071 417 1190 470 (d),
1209 421 1474 464 animadversa,
1509 428 1549 460 ut
1566 426 1682 474 puto,
1706 433 1835 471 magna

221 481 376 520 satellitii
406 481 543 518 nervosi
571 483 758 533 potentia,
775 489 890 518 totam
919 482 1161 520 secretionum
1187 472 1428 520 diveriitatem
1447 482 1576 520 animae
1591 481 1740 525 tribuit,
1757 493 1838 532 quae

223 541 466 590 sphiridierum
483 542 754 578 valvularumve
781 553 853 589 ope
881 540 1072 579 secretoria
1101 541 1230 580 ostiola
1255 549 1375 589 regat,
1400 553 1515 591 eaque
1536 540 1650 579 modo
1672 541 1837 587 claudat,

223 614 269 638 ne
291 602 480 650 particulas
511 602 579 638 suis
605 599 756 651 praevisis
785 600 917 640 finibus
939 603 1135 640 contrarias
1163 601 1348 646 admittat,
1373 600 1490 639 modo
1523 601 1568 640 ad
1587 612 1644 640 eas
1675 601 1834 651 aperiat,

224 672 310 710 quas
339 662 456 697 emitti
486 673 505 698 e
533 672 569 697 re
599 662 653 698 sua
684 669 796 710 putet.

320 718 442 757 Nimia
469 730 566 758 certe
599 721 675 759 haec
701 721 780 758 sunt
797 749 806 763 ‚
833 727 1057 770 oportetque
1083 733 1267 760 memores
1289 732 1356 758 nos
1391 719 1480 763 effe,
1508 717 1617 758 etiam
1641 719 1679 757 in
1703 719 1835 769 plantis

221 779 482 830 separationem
510 784 706 818 humorum
727 793 790 828 per
776 779 878 824 fici,
904 781 1023 830 deque
1051 783 1241 819 communi
1267 793 1331 831 per
1362 780 1522 817 radicem
1552 779 1711 817 resorbta
1736 791 1836 828 penu

220 838 425 884 balsamos,
455 839 602 884 resina
628 850 834 889 gummata,
865 840 1073 879 coloratum
1098 842 1151 879 lac
1177 841 1337 890 separari.
1385 839 1429 877 In
1454 839 1606 878 homine
1633 836 1770 888 equide
1767 850 1834 882 ·n,

222 901 312 949 quin
341 909 471 937 nervea
479 870 651 951 'potestas
677 901 834 938 multum
860 898 1004 943 v,ale3t
1032 902 1089 937 vix
1121 901 1240 950 potest
1277 899 1443 938 dubitari.
1508 898 1552 937 In
1587 899 1702 936 urinae
1739 904 1835 936 certe

220 958 559 1010 hypochondriacae
599 960 771 1009 exemplo
797 960 881 1007 (e)
917 961 978 997 vix
1005 959 1112 1009 poffis
1134 958 1201 998 tibi
1229 966 1432 1009 temperare
1456 984 1468 1006 ‚
1499 959 1587 1009 quin
1608 956 1832 1006 adgnoscas,

218 1030 353 1055 nervos
380 1019 508 1056 ostiola
541 1020 710 1057 urinifera
743 1020 993 1070 amplexantes
1021 1020 1225 1068 stringere,
1255 1027 1294 1057 ut
1326 1018 1476 1057 exclusis
1513 1017 1762 1061 crassioribus,
1797 1017 1834 1055 &

221 1078 347 1115 colore
379 1078 502 1128 aliquo
528 1080 644 1117 tinCtis
670 1080 856 1130 particulis
876 1109 886 1122 ,
923 1091 1051 1128 puram
1077 1091 1208 1129 aquam
1231 1079 1346 1117 solam
1377 1079 1628 1117 transmittant.

308 1135 353 1173 In
383 1138 562 1188 plerisque
591 1140 667 1176 aliis
697 1139 875 1189 exemplis
911 1130 1019 1176 etiat'n
1051 1140 1112 1175 vix
1145 1138 1252 1187 poffis
1288 1145 1323 1175 te
1352 1139 1506 1176 retinere
1529 1165 1539 1180 ‚
1561 1138 1668 1174 etiam
1695 1135 1718 1173 fi
1752 1139 1835 1174 anad

215 1203 320 1234 tome
344 1197 434 1234 nihil
459 1198 520 1236 hic
550 1211 616 1236 nos
654 1199 835 1247 adjuvat,
869 1200 959 1246 quin
988 1199 1024 1234 in
1056 1197 1240 1245 glandulis
1281 1198 1454 1234 minimos
1491 1197 1526 1234 Sc
1570 1195 1832 1244 inconspieuos

217 1257 401 1294 musculos
419 1257 584 1294 admittas
611 1286 619 1300 ‚
650 1259 711 1306 qui
740 1259 786 1296 ab
810 1259 882 1294 acri
919 1267 1148 1306 quocunque
1171 1267 1326 1305 corpore
1343 1255 1525 1294 sollicitati
1541 1254 1708 1299 ,alterne
1738 1267 1834 1292 con-

213 1317 313 1354 trar‘ii
339 1318 374 1353 δι
406 1317 513 1354 laxati
544 1314 734 1354 folliculos
771 1322 979 1365 emungant.
1029 1315 1145 1354 Iidem
1182 1315 1294 1365 ipsam
1329 1327 1394 1366 per
1428 1316 1671 1353 inanitionem
1703 1314 1830 1353 durius

215 1385 277 1412 aut
307 1377 485 1420 folliculi,
515 1385 639 1426 parato
679 1375 815 1427 spatio,
846 1378 883 1413 in
908 1375 1010 1426 quod
1038 1377 1173 1414 minori
1200 1387 1283 1413 cum
1313 1374 1508 1414 resistentia
1535 1386 1652 1413 novus
1695 1373 1830 1412 humor

216 1434 414 1479 succedat,
447 1436 686 1474 secretionem
713 1433 821 1473 etiam
847 1437 923 1484 eJus
944 1435 1040 1474 succi
1061 1448 1192 1486 augere
1219 1435 1413 1480 videntur,
1445 1437 1546 1485 quus
1575 1435 1830 1473 excretionem

212 1497 540 1547 praecipitaverunt.

303 1554 480 1604 Exempla
509 1562 606 1593 certe
633 1555 752 1604 aliqua
789 1555 928 1592 exstant
949 1584 958 1598 ,
987 1556 1024 1592 in
1056 1554 1186 1605 quibus
1214 1554 1389 1592 veriffime
1417 1565 1482 1604 per
1512 1554 1762 1593 musculorum
1783 1555 1822 1592 ir-

214 1616 424 1652 ritationem
453 1616 601 1653 admota
623 1618 716 1653 acria
745 1616 997 1652 excretionern
1027 1622 1182 1663 urgent,
1209 1615 1244 1653 δι
1276 1614 1504 1654 accelerant:
1536 1616 1575 1652 in
1593 1626 1699 1653 cavea
1727 1626 1829 1652 nem-

214 1686 261 1726 pe
295 1676 414 1724 aliqua
448 1675 600 1725 praesens
630 1677 681 1712 vis
714 1674 878 1712 humoris
906 1673 1084 1712 stimulive
1111 1673 1296 1712 musculos
1313 1700 1326 1720 ,
1358 1686 1512 1724 magnos
1539 1686 1603 1712 eos
1625 1675 1660 1711 &
1687 1681 1825 1716 notos,

212 1733 404 1777 sollicitat,
439 1743 477 1773 ut
510 1735 680 1772 niolestiae
715 1734 826 1771 finem
862 1734 1029 1777 faciant,
1062 1734 1425 1784 incommodumque
1468 1746 1601 1783 corpus
1626 1733 1826 1782 expellant.

212 1790 268 1829 Ita
297 1793 427 1829 faces
418 1805 456 1829 1n
473 1783 585 1829 resto
612 1794 780 1829 intestino
809 1794 969 1830 colleciae
996 1802 1135 1840 agunt;
1165 1794 1214 1829 ita
1239 1793 1360 1831 semen
1389 1793 1460 1829 sani
1495 1793 1652 1829 hominis
1670 1818 1681 1836 ‚
1719 1793 1757 1828 in
1777 1791 1826 1829 ie-

208 1851 402 1889 minalibus
427 1850 588 1888 veficulis
608 1851 812 1888 colledum
884 1850 1051 1899 Utroque
1073 1851 1170 1886 enim
1187 1862 1232 1886 ex
1250 1851 1416 1893 stimulo,
1431 1851 1564 1903 pariter
1580 1850 1755 1888 convulso
1771 1862 1828 1889 ac-

208 1911 404 1949 celeratore
417 1910 582 1949 musculo
597 1939 607 1954 ‚
623 1911 755 1960 auique
774 1908 974 1961 sphinstere
990 1908 1153 1957 vigilanti
1168 1907 1272 1947 faeces
1283 1938 1292 1953 ‚
1306 1921 1371 1956 per
1390 1911 1549 1959 quietem
1563 1908 1683 1948 semen
1699 1908 1823 1948 cietur.

288 1970 313 1993 Ο

268 2036 304 2077 g.
337 2029 443 2070 X111.
481 2027 530 2071 V
530 2061 536 2068 .
567 2023 720 2070 Dasius
752 2019 966 2068 &xcrerorii
1001 2021 1189 2081 nascentis
1230 2022 1420 2079 γέέῖἱτιιᾱο
1453 2034 1522 2068 aur
1554 2021 1761 2080 anfraflzcs.

294 2148 383 2186 Non
415 2150 568 2187 dubium
603 2150 769 2194 videtur,
796 2151 883 2199 quin
913 2149 1038 2187 ductus
1067 2149 1291 2188 excretorius
1327 2149 1479 2192 tesius,
1516 2147 1648 2197 absque
1683 2148 1820 2196 angulo

205 2209 251 2258 ab
278 2210 402 2247 arteria
433 2221 596 2262 exporre
592 2210 698 2254 Ctus,
733 2211 768 2248 δε
802 2210 934 2260 absque
960 2208 1122 2255 flexione
1144 2208 1369 2262 productus,
1394 2208 1614 2262 valvulisque
1644 2221 1757 2260 purus
1785 2210 1823 2245 &r

1687 2279 1786 2318 rugis
1806 2293 1819 2311 ‚

289 2383 501 2418 (C)P1³RR
515 2391 642 2413 AUL'r
673 2385 713 2412 du
734 2386 850 2414 tonsher
873 2395 901 2424 p
932 2394 996 2424 53⁶7

291 2425 360 2460 (d)
397 2428 470 2456 Non.
501 2423 844 2464 lipothsplysooep
876 2434 921 2465 ¹3-

290 2465 355 2505 (e)
384 2465 476 2503 Conf
512 2466 657 2505 lium,
686 2467 872 2506 fioom,
909 2469 1293 2504 Kssnn'zzxsmiun
1320 2469 1340 2502 1.
1371 2480 1397 2502 ε.
