1968 2706
444 143 693 186 MOTUS
766 141 1314 185 P'ROGRESSIVUS'.
1492 162 1494 165 >
1619 150 1703 196 ιε’-ς

256 269 290 314 §-
331 263 492 306 XXII.
557 256 663 303 Haec
689 259 746 302 ad
773 270 908 318 corpus
948 261 1166 304 animatum
1195 256 1494 315 tramferuntur.

172 386 261 424 Non
289 383 416 423 desunt
447 383 696 434 experimenta
716 408 728 428 ‚
755 395 801 421 ex
836 382 969 432 quibus
997 381 1186 430 probabile
1212 383 1297 426 fiat,
1326 383 1434 420 etiam
1468 381 1506 418 in
1539 382 1701 422 animato

88 457 246 493 eorpore
277 446 374 492 leges
395 442 623 492 hydraulicas
655 442 791 480 valere.
832 442 887 481 Ita
919 455 937 479 a
962 442 1198 490 longitudine
1234 442 1399 480 vasorum
1418 442 1701 480 retardationem

87 505 183 542 nasci
204 504 353 543 suadent
376 502 521 552 aliqua,
543 503 577 539 δι
594 502 662 539 alia
680 502 939 540 demonstrant.
955 494 1152 550 ‘Majorum
1167 502 1378 539 animalium
1397 500 1517 551 pulsus
1535 503 1602 538 rari
1623 502 1703 539 sunt

89 559 171 617 (f)
189 593 198 608 ‚
226 566 410 600 minorum
441 561 600 616 eelere5‚
625 562 796 612 interque
823 562 992 599 homines
1018 561 1071 599 lll.
1092 562 1368 599 Archiatrorum
1395 572 1519 599 comes
1546 559 1577 610 J.
1594 557 1701 615 Bap-

86 620 174 676 tg‘sia
202 623 372 661 SENAc
404 621 485 676 (g)
538 620 660 670 pulsus
699 623 954 670 proceriorum
989 622 1148 658 militum
1187 623 1376 671 pauciores
1414 621 1658 670 deprehendit
1687 650 1698 665 ,

85 695 194 733 quam
220 685 385 720 virorum
412 682 565 718 minoris
598 681 736 718 staturae
759 710 769 724 ,
804 683 935 731 quibus
963 693 1096 733 nempe
1125 682 1270 719 brevior
1300 693 1318 718 a
1345 680 1457 718 corde
1482 680 1526 718 ad
1551 692 1702 732 carpum

82 744 137 780 via
164 740 250 780 esset
281 736 384 788 (h).
450 739 598 778 Deinde
635 741 804 779 arteriola
836 743 966 790 exigua
989 767 1000 786 ‚
1030 741 1110 789 plus
1140 742 1296 778 omnino
1322 738 1444 778 fundit
1476 739 1660 788 sanguinis
1687 765 1700 787 ,

84 801 234 852 quando
266 812 310 838 ex
341 812 480 848 magno
511 799 684 836 arterioso
717 806 852 838 trunco
882 800 1004 849 prodit
1033 797 1139 848 (i),
1175 813 1286 850 quam
1313 800 1379 837 alia
1426 797 1533 836 etiam
1563 799 1700 837 latioris

84 862 249 899 diametri
279 861 405 897 arteria
422 887 430 895 ,
460 872 541 909 quae
558 860 728 896 extremis
755 861 926 897 membris
951 862 1106 910 propior
1136 861 1301 898 nascitur.
1353 859 1475 906 Quare
1499 870 1576 896 non
1595 861 1700 908 peni„

82 928 140 959 tus
161 921 346 957 immerito
375 918 471 957 Clari
499 919 590 962 viri,
618 919 808 968 nostrique
835 916 920 969 (k)
960 918 1126 969 inprimis
1151 921 1256 957 amici
1283 926 1499 969 receperunt
1523 947 1531 962 ,
1567 918 1701 957 tardio-

81 992 136 1018 res
178 981 215 1017 in
241 979 413 1028 sanguine
442 986 565 1015 motus
594 976 688 1021 esse,
726 991 804 1028 quo
827 977 981 1028 longius
1012 992 1031 1017 a
1064 980 1175 1017 corde
1201 978 1376 1017 receffum
1401 979 1519 1016 fuerit.

169 1039 240 1077 Sed
267 1039 310 1075 ab
337 1038 499 1086 angustia
530 1036 754 1086 potissimum
776 1050 996 1087 magnorum
1032 1039 1211 1076 canalium
1244 1051 1374 1087 magna
1399 1038 1597 1076 retardatio
1623 1034 1701 1076 mei

81 1100 154 1137 rito
182 1097 408 1147 exspeffitatur
425 1127 434 1142 ‚
459 1109 540 1147 quae
562 1103 658 1134 tanta
684 1097 755 1140 est,
784 1105 824 1134 ut
858 1098 976 1135 nostra
1003 1099 1155 1147 quidem
1191 1098 1329 1136 vascula
1356 1098 1527 1136 omnibus
1554 1096 1701 1150 capilla-

80 1159 182 1196 ribus
208 1158 342 1195 tubulis
372 1155 517 1194 minora
546 1155 642 1199 fint,
675 1156 711 1193 &
739 1169 804 1208 per
845 1157 1022 1206 ejusmodi
1054 1169 1167 1206 poros
1209 1157 1419 1195 mechanica
1448 1158 1586 1195 emboli
1631 1158 1667 1193 vi
1686 1185 1697 1200 ,

81 1226 142 1256 aut
167 1217 340 1266 ponderis
367 1215 526 1266 impulsu
550 1245 559 1258 ‚
587 1216 770 1265 liquorem
802 1217 922 1266 aliqua
949 1228 1035 1254 cum
1061 1217 1242 1254 celeritate
1277 1229 1497 1266 promovere
1527 1229 1696 1267 nequeas,

169 1276 206 1314 Si
241 1279 337 1313 enim
364 1264 515 1313 minima
537 1275 675 1312 vascula
707 1287 823 1326 ponas
864 1277 1051 1326 aliquanto
1087 1278 1233 1325 majoris
1273 1276 1340 1314 effe
1374 1277 1553 1321 luminis,
1589 1287 1698 1325 quam

81 1337 132 1374 est
157 1336 302 1384 globuli
334 1336 434 1373 rubri
468 1334 642 1372 diameter
663 1363 672 1377 ,
708 1336 865 1382 reperies
896 1343 957 1373 aut
989 1348 1065 1373 non
1086 1338 1223 1384 majora
1242 1336 1310 1373 effe
1329 1365 1338 1380 ‚
1365 1348 1472 1386 quam
1501 1337 1587 1388 &¹33
1610 1336 1697 1384 pol·

81 1395 160 1433 licis
180 1424 190 1439 ,
224 1402 285 1432 aut
316 1397 505 1439 omnino,
529 1401 568 1431 ut
591 1405 664 1441 ego
695 1394 845 1442 quidem
879 1395 1065 1437 existimo,
1095 1397 1238 1432 minora
1268 1390 1352 1444 (l).
1402 1395 1493 1432 Inde
1525 1394 1699 1443 intelligi-

79 1461 163 1501 tur,
191 1453 394 1503 quemlibet
418 1465 517 1492 nunc
541 1451 739 1501 globulum
774 1453 974 1502 superficiei
1003 1456 1153 1493 internae
1185 1454 1315 1491 canalis
1349 1453 1400 1491 sui
1438 1455 1476 1490 in
1509 1455 1612 1490 omni
1633 1454 1695 1491 fle-

80 1523 132 1551 xu
161 1512 214 1550 sui
233 1515 369 1550 canalis
400 1514 597 1562 adplicari,
632 1524 716 1550 cum
749 1514 785 1548 in
811 1515 1011 1562 majoribus
1032 1512 1118 1551 vafis
1147 1513 1261 1551 multa
1296 1520 1391 1551 certe
1412 1525 1492 1562 pars
1518 1513 1699 1561 sanguinis

81 1571 256 1609 inoffensa
282 1571 418 1609 flexum
445 1573 598 1624 superet.
660 1570 811 1609 Deinde
852 1574 889 1610 id
926 1572 1101 1616 fluidum,
1133 1572 1236 1622 quod
1269 1574 1380 1610 rubro
1407 1572 1581 1622 sanguine
1617 1572 1696 1611 sub-

79 1631 176 1668 tilius
209 1632 284 1674 est,
312 1633 439 1681 utique
479 1633 636 1680 plurima
658 1641 759 1680 parte
787 1630 838 1668 sui
867 1633 911 1669 ad
940 1634 1116 1684 parietem
1141 1632 1192 1669 sui
1215 1634 1345 1670 canalis
1371 1633 1529 1671 fricatur.

167 1687 208 1727 Si
239 1702 327 1728 vero
368 1691 529 1738 eousque
556 1691 637 1727 haec
661 1689 904 1729 confidesatio
930 1700 1109 1737 ornetur,
1138 1698 1178 1729 ut
1205 1692 1365 1729 sumatur
1383 1718 1395 1737 ‚
1435 1698 1511 1730 tota
1547 1691 1606 1730 sua
1641 1692 1700 1730 sua>

80 1749 225 1799 perficie
263 1745 361 1799 (m)
394 1749 589 1798 globulum
633 1751 829 1787 minimum
868 1759 983 1789 totam
1012 1750 1240 1801 superficiem
1277 1752 1328 1789 sui
1359 1752 1534 1802 capillatis
1564 1750 1697 1790 vasculi

80 1808 203 1847 radere
231 1822 238 1846 :
265 1809 290 1847 fi
316 1817 487 1861 praeterea
512 1810 665 1848 addatur
681 1838 692 1853 ,
724 1811 816 1848 adeo
844 1811 1031 1861 angustam
1053 1824 1119 1864 per
1148 1813 1298 1853 minima
1319 1811 1459 1850 vascula
1481 1813 1576 1851 viam
1599 1810 1668 1849 effe
1684 1837 1696 1856 2

1650 1878 1695 1909 ut-

169 1983 235 2023 (f)
258 1985 340 2017 Vide
368 1983 449 2015 sest.
477 1983 540 2016 ΠΪ.
568 1994 596 2016 u.
623 1991 672 2014 16,

162 2027 228 2064 (g)
254 2026 353 2058 Traite'
375 2028 415 2057 du
438 2037 511 2056 coeur
537 2025 637 2057 T.11.
671 2036 699 2063 p.
726 2035 796 2063 150,

164 2067 237 2102 (h)
261 2068 510 2099 SCHWENKE
540 2069 555 2096 l.
581 2079 605 2098 s,
633 2078 662 2104 p.
688 2077 735 2103 25.

162 2109 225 2145 (i)
249 2109 287 2140 H,
309 2107 477 2148 Franeg‘scus
500 2110 528 2138 le
552 2108 578 2138 D
592 2119 610 2138 R
625 2120 639 2138 Α
656 2119 675 2136 N
700 2107 835 2146 observat.
859 2108 893 2137 de
919 2107 1047 2145 Chirurg.
1066 2105 1108 2138 T.
1128 2104 1152 2137 ἵ,
1176 2117 1205 2147 p,
1231 2116 1298 2143 139,

163 2151 177 2185 (
193 2151 232 2188 k)
256 2151 273 2180 S
285 2162 333 2182 ca
349 2161 364 2180 ιι
381 2162 396 2180 ε
409 2162 446 2181 113
460 2160 477 2179 E
489 2161 506 2179 R
533 2150 661 2189 almagtst
678 2159 706 2187 p.
728 2154 795 2182 228.
824 2147 963 2187 Negavit
987 2148 1162 2179 (lfstailt3-im
1190 2159 1207 2178 a
1228 2150 1320 2181 corde
1335 2173 1343 2187 ,
1358 2152 1386 2181 ἃ(
1406 2149 1631 2191 longitudinem
1646 2160 1693 2183 ar-

78 2188 182 2220 teriofi
201 2192 314 2223 canalis
345 2202 469 2222 moram
493 2190 524 2222 in
543 2190 696 2228 sarguinis
721 2189 878 2220 celeritate
900 2191 1001 2220 faceie
1025 2192 1154 2229 josephus
1174 2191 1201 2220 N
1218 2201 1236 2220 o
1248 2202 1298 2222 Rl.
1310 2204 1331 2223 Λ
1344 2203 1366 2223 N
1380 2203 1402 2223 D
1418 2193 1494 2232 jbrce
1508 2192 1541 2232 of
1554 2195 1600 2225 the
1613 2196 1694 2225 beart

78 2241 109 2270 p.
134 2236 295 2311 20(.l²51.L&
306 2232 342 2305 zi
357 2244 376 2264 o
392 2244 415 2264 R
426 2244 444 2264 o
457 2243 477 2263 A
488 2242 511 2262 N
529 2232 679 2272 philosoph.
690 2234 811 2271 princip.
834 2243 865 2272 p.
881 2242 933 2271 44.
951 2243 1000 2272 45.
1021 2240 1120 2263 texum
1139 2239 1246 2264 natuia
1266 2244 1331 2265 uon
1348 2235 1413 2266 satis
1425 2235 1507 2267 redte
1522 2237 1692 2276 explorata.

276 2299 281 2304 .
340 2297 348 2304 .
373 2285 402 2314 p.
431 2279 477 2311 58.
511 2281 557 2310 59‘.

155 2315 452 2353 (m)ScnnE113
469 2325 518 2346 aa
545 2316 563 2345 1.
586 2324 611 2346 c,

167 2391 316 2436 Haller
344 2389 556 2451 Phyfiolog.
591 2394 760 2433 Tomii.
1130 2395 1161 2433 A
1211 2409 1230 2433 a
