1968 2706
272 169 356 204 270
419 145 818 197 LIB.V1.SECT.
847 154 910 196 Π.
943 157 1283 197 SANGU1NIS
1326 158 1438 198 PER
1473 159 1780 202 ARTERIAS

271 251 480 300 gulabilem.
544 251 764 302 Plerumque
788 266 873 292 cum
898 253 1152 303 magnitudine
1177 253 1326 291 durities
1356 255 1603 303 conjungitur.
1673 257 1768 295 Cum
1793 270 1872 307 par-

273 313 382 349 vitate
409 319 529 350 tamen
557 313 666 350 durus
694 312 761 350 effe
796 314 914 363 potest
947 309 1021 362 (l)
1043 339 1055 358 ,
1083 314 1231 363 quando
1252 314 1377 350 arteria
1403 313 1506 349 valde
1523 313 1868 358 solida‚vehemen-

271 378 328 409 ter
350 372 554 418 commeta,
591 370 748 420 digitum
776 373 911 410 duriter
938 374 1116 423 percutit,
1146 372 1183 409 &
1215 380 1337 410 tamen
1365 371 1469 409 cordi
1505 379 1676 423 potenter
1709 375 1830 413 refistit
1855 405 1866 420 ,

272 438 313 468 ut
340 443 468 482 parum
501 431 668 468 dilatetur
695 444 703 468 :
736 431 915 480 ejusmodi
938 433 1059 482 pulsus
1077 431 1173 469 foret
1190 457 1201 478 ,
1222 444 1333 481 quem
1356 432 1483 468 arteria
1519 430 1612 468 offea
1639 434 1872 481 repraesenta-

271 497 346 533 ret,
375 489 437 526 nifi
465 491 600 528 arteriae
621 491 708 528 dum
726 491 903 528 offescunt
921 520 929 535 ,
959 504 1030 530 una
1051 491 1124 528 fere
1148 490 1392 528 dilatarentur.
1428 487 1555 527 Mollis
1571 492 1693 539 pulsus*
1718 505 1735 528 a
1758 504 1873 543 parvo.

272 548 392 586 differt
410 578 419 592 ‚
447 549 547 598 quod
569 552 695 587 arteria
720 551 826 599 plena
858 550 923 595 fit,
954 564 972 589 a
999 551 1112 593 duro,
1141 551 1242 599 quod
1270 550 1411 598 sanguis
1443 562 1461 586 a
1487 549 1599 586 corde
1617 551 1786 587 debiliter
1818 554 1871 588 in-

270 608 450 657 pellatur,
473 610 708 659 arteriamque
745 622 875 662 parum
914 610 1047 647 dilatet.
1081 609 1122 647 In
1149 610 1453 658 peripneumonia
1483 608 1604 657 pulsus
1635 610 1756 646 mollis
1787 612 1837 648 est
1859 637 1874 655 ,

271 667 372 716 quod
397 667 563 716 plethora
588 668 724 706 febrilis
748 670 957 706 dominetur
975 696 987 714 ,
1014 669 1050 706 δι
1075 675 1197 706 tamen
1232 668 1330 705 unda
1361 680 1380 705 a
1411 667 1593 715 sanguinis
1634 681 1653 707 a
1687 669 1797 707 corde
1825 669 1873 707 li-

270 727 381 764 nistro
411 726 570 776 expulfi,
598 728 646 765 ob
678 728 893 778 pulmonem
925 728 1143 778 impeditum
1172 728 1303 775 exigua
1325 726 1377 764 fit.
1720 720 1725 726 ’

357 783 510 835 Reliqua
535 787 701 835 pulsuum
729 800 862 836 genera
891 800 969 825 non
1004 789 1047 826 ab
1079 788 1187 825 unius
1213 787 1335 835 pulsus
1361 787 1582 837 proprietate
1611 784 1834 823 definiuntur
1857 815 1874 830 ,‚

271 844 330 881 sed
357 856 403 881 ex
429 844 569 894 aliquot
595 846 627 883 se
653 848 922 896 insequentium
951 847 1119 896 pulsuum
1147 846 1437 895 comparatione.
1486 845 1539 882 lta
1571 844 1690 892 pulsus
1723 846 1872 894 aequulis

270 904 315 941 ab
343 904 511 952 inaequali
532 904 693 948 diffidet,
726 906 827 955 quod
855 908 893 942 in
917 906 983 944 illo
1009 905 1116 942 multi
1141 917 1186 942 ex
1210 905 1339 943 ordine
1368 903 1489 952 pulsus
1517 904 1627 953 aequis
1653 903 1685 941 se
1723 905 1872 953 sequan-

270 969 330 999 tur
359 961 576 1006 intervallis,
610 965 647 1001 δε
678 965 827 1012 perinde
859 966 1006 1013 magni,
1032 965 1168 1006 fortes,
1200 963 1353 1013 durique
1380 962 1471 1006 sint,
1505 971 1565 1000 aut
1592 970 1689 1000 certe
1716 964 1873 1002 aliorum

269 1033 448 1069 generum
473 1021 710 1059 charaererem
726 1023 871 1061 servent
892 1024 1075 1062 eumdem.
1120 1022 1173 1060 Ita
1202 1024 1448 1060 intermittens
1465 1022 1585 1071 pulsus
1609 1021 1730 1061 differt
1746 1035 1870 1072 ancon·

269 1082 397 1124 tinuo,
428 1081 530 1130 quod
565 1081 671 1130 hujus
700 1083 884 1120 intervalla
921 1083 1143 1121 naturalibus
1163 1083 1338 1130 propiora
1361 1109 1372 1124 ‚
1407 1080 1504 1118 illius
1541 1082 1650 1118 nimia
1678 1080 1766 1124 lint,
1798 1081 1868 1118 five

269 1151 370 1177 nunc
398 1151 482 1177 cum
508 1141 748 1190 inaequalitate
768 1142 888 1191 pulsus
921 1141 1177 1183 intermiserit,
1208 1139 1276 1177 five
1304 1141 1402 1190 paria
1424 1168 1434 1182 ,
1466 1140 1574 1176 nimis
1605 1147 1726 1177 tamen
1758 1141 1871 1187 longa

268 1199 436 1236 habuerit
459 1200 653 1238 intervalla.
697 1199 841 1239 Horum
873 1201 1042 1250 pulsuum
1059 1230 1069 1245 ,
1098 1200 1161 1251 qui
1186 1199 1230 1236 ad
1261 1198 1458 1249 inaequales
1489 1200 1671 1247 pertinent
1695 1211 1831 1247 paucos
1859 1224 1875 1243 ,

271 1257 308 1294 &
342 1258 715 1306 celebriores‚unico
748 1260 900 1297 verbulo
928 1260 1072 1298 licuerit
1106 1256 1270 1306 tetigisse.
1333 1256 1456 1296 Pulsus
1485 1253 1656 1296 dicrotzcs
1689 1258 1789 1307 (m)
1819 1258 1872 1295 di-

270 1318 387 1360 citur,
417 1318 453 1354 in
488 1330 563 1368 quo
594 1318 672 1356 duae
697 1320 831 1356 arteriae
859 1319 1016 1356 diastolae
1045 1320 1200 1355 minimo
1229 1317 1419 1355 intervallo
1449 1315 1482 1354 se
1515 1316 1752 1366 insequuntur
1770 1347 1780 1361 ,
1807 1317 1873 1354 de·-

270 1377 355 1412 inde
381 1376 527 1424 longius
557 1378 602 1414 ad
635 1379 849 1429 proximum
874 1378 1017 1426 pulsum
1039 1377 1270 1416 intervallum
1302 1375 1510 1413 intercedit.
1563 1375 1749 1424 Ejusmodi
1790 1376 1873 1428 pul-

269 1434 349 1471 sum
374 1436 416 1472 ab
441 1448 571 1485 aneury
582 1436 690 1473 smate
720 1437 809 1474 vidit
836 1436 1098 1474 LANCISIU
1114 1447 1131 1474 s
1161 1435 1220 1483 (n
1243 1435 1288 1484 ),
1318 1437 1353 1472 &
1385 1435 1498 1482 vulgo
1528 1436 1683 1473 credunt
1703 1461 1714 1480 ,
1734 1436 1777 1473 ab
1804 1436 1870 1472 ob-

270 1493 406 1531 staculo
431 1494 508 1532 fieri
528 1524 538 1539 ‚
562 1502 687 1533 contra
717 1496 819 1545 quod
845 1508 910 1546 cor
931 1498 1091 1545 repetito
1116 1496 1187 1533 inu
1213 1496 1370 1543 insurgat
1404 1493 1488 1541 (o)
1517 1520 1529 1538 ‚
1560 1501 1600 1532 ut
1631 1493 1872 1532 omninoCI.

270 1551 493 1596 MARQUE
509 1566 532 1591 T
560 1554 809 1607 syncopem&
829 1562 985 1593 mortem
1013 1556 1192 1603 putaverit
1214 1554 1433 1604 portendere
1459 1554 1513 1606 (p
1529 1553 1559 1602 ).
1593 1551 1761 1602 Ejusdem
1782 1565 1870 1591 vero

269 1612 392 1660 pulsus
414 1612 714 1661 significationem
746 1614 813 1652 effe
846 1614 960 1652 credit
999 1608 1229 1667 Franczstus
1263 1612 1475 1650 SOLANO
1511 1613 1592 1666 (q)
1617 1642 1626 1656 ,
1654 1612 1872 1650 haemorrha-

271 1671 367 1718 giam
399 1674 539 1709 narium
558 1699 571 1716 ‚
600 1685 680 1722 quae
715 1675 887 1724 proxima
921 1674 1050 1716 instet,
1084 1674 1120 1710 &
1154 1673 1214 1710 hic
1240 1670 1391 1710 auctoris
1419 1671 1471 1709 sui
1504 1673 1673 1724 praesagia
1702 1673 1777 1719 ejus
1816 1673 1871 1708 in-

271 1738 406 1777 terpres
428 1743 503 1768 non
526 1734 669 1778 penitus
685 1732 813 1771 deserit
844 1732 935 1780 (r).
984 1731 1021 1769 Si
1033 1732 1187 1769 alienior
1206 1731 1348 1768 videtur
1364 1730 1408 1767 ab
1432 1730 1499 1767 hac
1512 1729 1687 1779 prognofi
1711 1741 1870 1779 nuperus

271 1788 317 1826 de
334 1787 491 1839 pulsibus
507 1790 628 1829 austor
653 1791 726 1840 (5)
746 1803 825 1829 non
840 1798 962 1831 tamen
976 1791 1090 1839 longe
1105 1787 1243 1828 recedit
1260 1815 1272 1835 ,
1283 1789 1317 1827 δι
1333 1787 1510 1827 mensium
1525 1789 1666 1839 pulsum
1688 1789 1869 1883 dicrogum

1802 1847 1873 1883 acit

354 2012 415 2049 (l)
437 2013 582 2044 SENAC
615 2013 656 2045 T.
682 2013 716 2044 ΙΙ.
743 2024 771 2052 p.
792 2023 859 2045 222-

358 2055 686 2091 (na)MARQU1·t·r
712 2066 741 2094 p.
766 2064 812 2093 32.

354 2096 427 2130 (n)
454 2106 483 2133 p.
512 2106 575 2132 ¹32-
602 2096 673 2126 edit.
696 2102 784 2130 ¹728-
1676 2130 1681 2135 ¹

355 2137 421 2172 (o)
445 2135 511 2167 Effe
538 2137 654 2167 emboli
668 2137 710 2167 bis
734 2136 917 2175 prementis,
942 2142 974 2166 ut
995 2135 1139 2168 dilatatio
1159 2132 1251 2164 unica
1272 2132 1394 2164 arteriae
1415 2143 1431 2163 a
1457 2134 1572 2164 duabus
1597 2131 1697 2178 <fortiis
1723 2136 1865 2177 contrac-

268 2175 406 2206 tionibus
431 2177 601 2207 obtineztur
628 2180 789 2210 Recherthes
816 2176 871 2217 sur
909 2180 932 2207 le
953 2180 1030 2215 pouls
1052 2189 1082 2218 p.
1109 2188 1158 2211 24·
1190 2174 1239 2204 Bis
1261 2175 1312 2204 vel
1331 2181 1378 2206 ter
1399 2184 1451 2207 cor
1472 2174 1504 2206 '111
1524 2174 1733 2214 palpitatione
1754 2172 1839 2203 salu-e
1855 2189 1865 2203 ,

267 2217 366 2248 donec
391 2218 500 2248 arteria
522 2218 616 2249 semel
637 2219 727 2250 micet
749 2219 811 2259 jam
832 2218 880 2249 ΒΛ
895 2229 914 2249 o
927 2229 944 2249 L
958 2229 1010 2250 AN
1023 2230 1034 2249 1
1064 2219 1105 2250 est
1126 2211 1335 2247 observatio?

353 2260 419 2295 (p)
443 2270 471 2298 p.
499 2269 522 2289 1.
545 2262 599 2292 ἃς.

353 2300 420 2339 (ᾳ)
444 2313 471 2337 μ.
500 2310 545 2334 Π..
712 2339 717 2344 ⁸
1227 2312 1232 2316 ⁴

344 2342 412 2377 (r)
439 2342 505 2373 Esse
526 2339 733 2372 inclinationis
761 2342 799 2371 ad
822 2340 1077 2381 haemon-hagiam
1099 2340 1218 2374 narium
1237 2339 1357 2381 signum
1374 2350 1406 2381 p.
1429 2347 1478 2377 64.
1501 2346 1555 2377 ει,-ψ

350 2383 389 2417 (5
399 2388 412 2419 )
437 2384 595 2415 Archerches
617 2383 673 2413 δίε.
699 2392 729 2421 p.
753 2391 801 2420 47.
