1968 2706
259 162 343 201 1⁴86
431 145 824 198 LIB.V1.SECT.
853 153 1262 198 LSANGUINIS
1297 156 1408 198 PER
1446 156 1748 200 ARTERIAS

251 260 297 291 ‘ut
320 252 462 302 globuli
485 254 586 293 rubri
611 265 657 291 ne
678 253 885 291 conservata
910 254 1060 304 quidem
1079 253 1192 303 figura
1219 254 1280 292 sua
1297 253 1484 293 transitum
1504 255 1710 302 inveniant,
1747 256 1859 305 inque

248 323 376 350 -ovatas
393 315 547 351 omnino
564 313 764 351 moleculas
779 314 977 357 transeant,
1005 326 1160 363 quarum
1179 315 1301 351 minor
1328 326 1428 352 nunc
1442 315 1614 352 diameter
1631 316 1697 352 iter
1716 315 1777 352 fibi
1796 326 1859 363 per

243 373 358 410 -suum
390 372 571 409 vasculum
596 373 711 421 aperit
744 373 803 420 (n
821 373 837 420 )
856 398 867 417 ,
897 372 1002 412 facile
1026 373 1177 422 quidem
1209 374 1317 411 video
1339 402 1349 417 ,
1371 373 1627 412 incredibilem
1651 374 1859 411 frictionem

257 431 352 468 na'sci
377 460 386 474 ‚
416 431 440 468 si
489 431 627 468 lumina
673 433 913 469 minimorum
956 430 1136 470 canalium
1177 434 1319 471 minora
1356 445 1472 482 ponas
1510 433 1679 470 maximis
1720 432 1859 481 globu-

252 490 376 528 'lorum
409 491 691 539 sanguineorum
713 491 858 529 circulis
889 520 898 534 ‚
944 492 979 528 &
1014 503 1078 529 eos
1112 492 1286 540 globulos
1319 505 1447 530 omnes
1488 499 1570 530 toto
1601 492 1764 529 maximo
1795 493 1860 528 cir-

258 549 343 587 culo
371 550 433 587 suo
456 575 467 596 ‚
499 559 626 588 contra
662 559 762 589 totos
795 550 954 589 circulos
991 551 1174 589 luminum
1207 552 1389 589 canalium
1422 553 1661 589 minimorum
1690 552 1862 588 incunea-

253 616 310 646 tos
344 611 550 659 impingere
573 639 582 652 ,
615 619 724 659 atque
752 623 814 648 eos
844 609 998 659 parietes
1026 611 1075 648 ita
1099 607 1305 650 distendere
1338 622 1479 659 ponas,
1515 618 1556 648 ut
1585 610 1736 658 figuram
1765 610 1863 647 suam

255 681 275 705 a
303 668 543 706 resistentibus
577 669 776 707 luminibus
814 677 996 717 cogantur
1033 678 1184 708 mutare.
1247 671 1442 718 Augentur
1477 672 1575 707 enim
1616 669 1760 708 aliunde
1803 669 1864 706 fri-

259 728 419 772 ctiones,
459 730 604 778 quoties
639 741 821 779 corpora,
855 741 935 779 quae
961 729 1102 781 punftis
1133 730 1239 767 unice
1270 729 1307 768 se
1326 729 1616 778 contingebant,
1645 741 1744 768 nunc
1776 729 1862 766 totis

254 787 512 837 *superficiebus
542 788 574 825 se
606 790 839 837 contingunt.

354 846 495 885 Verum
526 860 603 884 eam
630 847 753 895 figurae
788 850 825 885 in
853 848 1013 897 globulis
1050 848 1292 884 mutationem
1319 847 1489 885 nondum
1519 848 1626 885 video
1655 848 1700 886 ad
1726 860 1806 886 eam
1828 861 1864 886 e-

256 906 458 944 videntiam
488 907 683 957 pervenille
700 936 709 950 ‚
738 915 778 945 ut
806 915 886 945 tuto
912 908 1095 944 theoriam
1116 906 1357 954 superstruere
1381 907 1487 944 liceat
1514 906 1625 961 (p),
1651 907 1687 944 &
1715 908 1863 957 quidem

257 965 348 1002 mihi
375 967 510 1016 semper
544 966 603 1003 hic
637 968 741 1003 nimii
774 967 913 1016 aliquid
949 966 1064 1003 visum
1108 966 1188 1010 est,
1216 966 1405 1015 facitque,
1447 978 1493 1005 ne
1530 979 1607 1005 eam
1633 966 1819 1005 admittam
1851 995 1863 1010 ,

259 1025 419 1061 celeritas
464 1024 616 1063 minime
654 1028 810 1074 exigua,
844 1038 915 1076 qua
953 1026 1028 1063 vidi
1060 1037 1122 1062 eos
1162 1025 1338 1074 globulos
1369 1037 1433 1074 per
1476 1026 1620 1064 suarum
1652 1027 1866 1064 venularum

259 1085 428 1130 angustos
474 1086 674 1122 maeandros
723 1086 981 1128 circumferri,
1017 1096 1101 1120 cum
1140 1085 1296 1121 omnino
1323 1085 1366 1122 ab
1405 1097 1445 1121 ea
1485 1086 1702 1123 distentione
1744 1097 1866 1134 angu-
1907 1077 1909 1081 ¹

255 1143 406 1182 sciorum
449 1145 634 1185 luminum
678 1147 874 1183 maximam
903 1143 1184 1181 retardationem
1216 1136 1361 1194 aequu'm
1403 1143 1498 1182 foret
1528 1143 1745 1194 exspeuaffe.

464 1326 499 1368 ς.
551 1321 757 1362 ΧΧΙΙῙ.
806 1316 1008 1361 Plicarzcm
1041 1318 1104 1360 vis
1144 1318 1184 1361 in
1223 1328 1382 1376 corpore
1415 1317 1658 1362 animalium.

355 1499 396 1536 ⁴Si
425 1500 462 1536 in
492 1498 591 1537 duris
618 1500 837 1538 &immotis
867 1498 1050 1540 canalibus
1077 1501 1195 1551 aliqua
1221 1501 1398 1551 plicarum
1426 1504 1461 1540 ὃς
1482 1501 1690 1540 Γῐίἑὶίοηυῐῃ
1713 1501 1866 1540 retarda-

262 1559 333 1597 trix
362 1559 517 1608 potestas
546 1559 596 1596 est
627 1555 712 1610 (t)
741 1561 810 1599 erit
839 1560 957 1598 multo
986 1560 1101 1607 major
1122 1561 1160 1598 in
1182 1562 1363 1600 canalibus
1401 1561 1580 1599 flexilibus
1608 1562 1644 1598 &
1677 1562 1825 1599 elasticis
1855 1589 1864 1604 ‚

262 1631 421 1668 quorum
451 1618 586 1666 figurae,
604 1619 647 1656 ab
676 1619 802 1671 illapso
824 1619 939 1657 fluido
965 1618 1062 1657 vitali
1086 1621 1169 1667 (u)
1195 1623 1350 1659 omnino
1376 1628 1582 1663 mutantur,
1601 1622 1712 1670 inque
1732 1634 1771 1658 ea
1791 1631 1870 1657 mu-

262 1679 400 1714 tatione
426 1689 506 1726 pars
535 1685 657 1716 motus
686 1678 899 1729 progreffivi
930 1679 1173 1717 consumetur.
1223 1679 1268 1716 In
1297 1683 1403 1718 unica
1440 1680 1613 1729 equidem
1634 1680 1729 1732 plica
1754 1709 1763 1724 ,
1795 1686 1870 1716 arte

261 1737 348 1774 faeta
367 1762 379 1783 ‚
405 1736 550 1774 fiexuve
583 1736 694 1774 unico
732 1738 867 1775 arteriae
896 1749 1041 1775 venaeve
1078 1740 1151 1776 vivi
1179 1739 1339 1776 animalis
1359 1768 1369 1782 ‚
1402 1751 1478 1776 non
1511 1740 1728 1801 potuissatis
1767 1746 1868 1776 certo

263 1807 343 1833 eam
369 1796 653 1834 retardationem
677 1798 866 1846 percipere
896 1798 1001 1845 (x).
1052 1798 1123 1836 Sed
1153 1799 1188 1834 in
1216 1798 1431 1837 animalibus
1465 1799 1590 1847 utique
1622 1799 1757 1835 arterIae
1792 1809 1869 1834 non

262 1856 368 1892 unica
392 1853 553 1892 flexione
573 1857 830 1899 incurvantur,
860 1868 939 1905 quae
971 1863 1094 1895 motus
1140 1856 1295 1909 impressi
1331 1858 1500 1906 exiguam
1540 1857 1754 1905 particulam
1783 1868 1870 1894 con-

261 1914 377 1953 sumat
404 1926 411 1951 :
439 1916 599 1965 repetitae
629 1916 665 1953 &
696 1912 899 1954 numerosae
926 1916 1032 1961 sunt,
1060 1917 1096 1955 δε
1131 1916 1325 1966 grandium
1355 1924 1570 1956 truncorum
1597 1917 1774 1957 flexiones
1793 1916 1808 1968 (
1807 1911 1867 1967 y).

345 2088 417 2125 (n)
445 2088 481 2119 L.
504 2087 544 2120 V.
565 2098 647 2131 [³⁴53

345 2131 413 2167 (p)
439 2129 473 2160 L.
497 2129 540 2162 V.
564 2145 593 2173 p.
618 2145 654 2171 59

346 2173 453 2210 (t)l³
491 2179 565 2208 181-

344 2213 703 2249 (u)SCHR113ER
725 2215 885 2255 Almag.p.
910 2221 976 2252 ²28·

344 2255 420 2290 (x)
440 2254 478 2284 In
498 2256 615 2288 duobue
637 2256 849 2295 experimentis
871 2257 1030 2287 videbatur
1053 2254 1122 2285 inde
1136 2255 1257 2295 sanguis
1279 2253 1427 2285 retardari
1452 2256 1523 2293 Exp.
1549 2264 1615 2294 135.
1638 2260 1707 2286 182.
1731 2254 1761 2286 in
1776 2254 1870 2286 tertio

262 2293 452 2333 neutiquam
474 2298 539 2335 Exp.
564 2301 627 2337 136.

347 2337 417 2374 (y)
439 2335 575 2369 Maxime
594 2339 771 2369 arteriarum
789 2361 796 2374 ‚
814 2348 878 2376 quae
895 2344 994 2377 partes
1013 2338 1143 2370 adeunt,
1160 2347 1288 2377 quarum
1311 2336 1467 2369 veniabilis
1486 2337 1527 2370 est
1542 2337 1710 2378 longitudo
1722 2358 1731 2372 ‚
1755 2335 1873 2375 lingua-

262 2374 358 2412 lium,
381 2377 536 2410 facialium
550 2403 558 2416 .,
581 2381 792 2420 splenicarum.
828 2379 911 2411 Vide
933 2379 967 2410 L.
989 2378 1033 2409 11.
1053 2390 1081 2419 p.
1113 2384 1160 2415 84.
