1968 2706
751 0 782 25 β

194 199 280 238 470
549 182 674 226 ΜΒ.
704 181 823 226 VII.
861 173 1062 224 SEC‘T.
1099 184 1470 234 lucanaria

203 297 337 336 nempe
366 281 489 332 figurae
522 293 635 332 poros
660 281 812 326 feceris,
840 280 1021 327 ostendit,
1043 283 1233 321 admittere
1266 284 1395 333 utique
1435 295 1564 321 omnes
1589 288 1779 333 particulas
1807 298 1818 333 j

204 342 447 386 alieniffimae‚
481 341 516 379 &
548 342 794 392 cujuscunque
822 343 954 378 iterum
985 341 1136 391 figurae,
1170 343 1377 379 dummodo
1403 355 1523 380 earum
1554 346 1710 383 maxima
1740 348 1815 386 dia-

207 412 323 444 meter
348 404 470 441 minor
498 400 540 438 fit
564 403 715 440 minima
742 402 920 439 diametro
944 414 1123 451 potorum
1143 399 1206 455 (g
1222 406 1242 448 )-
1298 403 1421 448 Quare
1455 416 1518 452 per
1546 403 1642 442 CAR
1658 417 1762 443 Tsssn
1779 420 1815 445 Α.

204 476 316 504 NUM
347 463 483 511 ubique
513 462 672 499 cribrum
703 473 780 499 non
807 460 890 498 solae
919 462 1018 512 poris
1046 463 1121 508 ejus
1148 462 1322 510 adaptatae
1353 461 1545 511 fimililque
1576 464 1698 512 figurae
1728 478 1812 502 mo-

200 524 328 565 leculae
361 520 588 564 transibunt,
618 522 677 558 sed
702 522 885 559 tenuiores
911 523 1039 570 utique
1073 533 1202 558 omnes
1229 549 1239 564 ,
1279 521 1314 557 &
1352 524 1520 558 omnium
1560 524 1651 561 adeo
1683 523 1814 573 figura-

203 596 283 622 rum
320 581 505 631 particulae
528 593 594 630 per
620 582 743 618 omnia
769 592 815 618 ex
841 592 949 630 aequo
975 581 1089 618 cribra
1119 582 1302 618 meabunt.

285 642 423 680 Iterum
449 640 643 692 particulas
669 641 812 678 alterius
827 668 837 682 ‚
865 652 973 689 quam
1000 641 1179 690 sphaerieae
1200 641 1347 688 quidem
1366 670 1375 683 ‚
1392 639 1518 689 figurae
1540 642 1607 679 effe
1629 652 1779 692 oportet
1796 645 1812 688 2*

203 715 287 741 tum
319 700 482 750 alioquin
511 699 655 737 diversae
685 711 863 749 potorum
893 700 1018 748 figurae
1046 700 1204 737 'utilitate
1229 707 1381 737 careant.
1435 702 1516 738 bint
1541 713 1631 750 ergo
1663 704 1807 741 alterius

199 763 324 811 figurae
354 773 362 798 :
392 767 481 798 tunc
502 761 633 797 iterum
660 757 833 807 particula
861 771 956 811 poro
985 760 1131 809 aequalis
1153 757 1245 798 erit:
1276 772 1321 797 eo
1347 771 1431 797 vero
1453 761 1487 796 in
1508 761 1589 798 casu
1613 773 1690 798 non
1713 770 1809 800 tran-

197 820 279 859 sibit
298 850 306 864 ‚
330 831 449 869 neque
477 818 521 856 de
548 819 723 867 sanguine
754 831 817 868 per
841 819 934 855 adeo
974 827 1100 868 aptum
1125 818 1190 856 fibi
1212 831 1345 868 porum
1378 819 1623 868 separabitur,
1650 819 1734 857 licet
1760 820 1806 858 fi-

195 893 286 929 gura
324 887 502 926 congruat
545 878 579 914 ἃ
624 879 855 926 magnitudo.
919 878 1014 916 Cum
1063 880 1161 915 enim
1210 878 1384 928 particula
1417 890 1495 915 non
1536 878 1576 916 fit
1610 879 1803 928 lphaerica,

193 939 342 978 habebit
385 939 561 985 majorem
602 937 759 986 aliquam
809 937 1025 975 diametrum
1055 966 1064 981 ,
1103 939 1138 976 &
1173 939 1324 986 perinde
1360 949 1499 986 porum
1536 940 1636 985 cujus
1678 940 1804 977 eadem

193 998 307 1047 figura
339 996 403 1040 sit,
434 995 566 1045 &ipse
591 998 765 1043 majorem
790 997 948 1046 aliquam
983 997 1201 1034 diametrum
1231 996 1387 1034 habebit.
1435 996 1591 1042 Quoties
1627 1011 1697 1036 una
1729 1011 1805 1037 ma-

190 1061 246 1108 jor
279 1059 452 1094 diameter
477 1056 660 1105 particulae
687 1058 815 1104 majori
845 1057 1026 1094 diametro
1056 1057 1138 1105 pori
1163 1055 1358 1104 respondet
1389 1056 1423 1093 Sc
1451 1059 1651 1106 congmit,
1693 1061 1801 1096 toties

164 1112 353 1155 ‘transibit
396 1119 545 1165 utique,
581 1115 687 1166 &de
719 1115 889 1164 sanguine
920 1115 1155 1165 separabitur.
1217 1113 1360 1153 Verum
1387 1117 1416 1153 is
1454 1118 1550 1154 casus
1590 1119 1717 1154 unicus
1750 1118 1801 1154 est:

184 1176 280 1217 inter
308 1175 590 1213 innumerabiles
617 1175 732 1218 alios,
757 1177 794 1211 in
821 1176 954 1224 quibus
986 1177 1101 1222 maJ'or
1133 1175 1309 1212 diameter
1338 1175 1524 1224 particulae
1553 1185 1652 1213 extra
1684 1178 1800 1223 maio·-

186 1246 265 1276 1em
289 1238 371 1286 pori
395 1236 614 1272 diametrum
644 1235 764 1277 cadit,
790 1243 897 1284 atque
920 1235 1012 1270 adeo
1039 1235 1075 1269 in
1101 1235 1284 1271 minorem
1308 1244 1580 1284 quamcumque
1606 1236 1688 1284 pori
1723 1235 1798 1273 dia-

183 1306 342 1335 metrum
359 1295 510 1336 incidit,
543 1302 650 1342 atque
680 1293 771 1330 adeo
794 1306 812 1331 a
841 1305 935 1342 poro
971 1292 1178 1340 angustiore
1213 1293 1351 1339 repulsa
1381 1293 1582 1339 refutatur,
1610 1306 1728 1343 neque
1751 1295 1797 1332 de

181 1357 358 1404 sanguine
384 1354 527 1391 secedit.
581 1352 794 1402 Eruntque,
827 1360 866 1390 ut
895 1363 976 1389 vere
1005 1353 1162 1389 omnino
1185 1380 1194 1395 ,
1229 1351 1560 1393 Faciamus
1592 1349 1685 1401 (h)
1714 1366 1795 1391 mo-

183 1419 289 1458 nuit,
323 1416 413 1451 vires
444 1411 663 1450 exclusionis
691 1410 898 1450 infinitefies
934 1410 1201 1450 numerosiores
1224 1440 1235 1455 ‚
1267 1424 1377 1462 quam
1405 1414 1535 1451 unicus
1563 1412 1793 1461 admistionis

179 1477 278 1514 casus
305 1473 362 1511 est„

268 1534 322 1572 Ad
351 1534 446 1571 hanc
472 1529 499 1571 P
514 1545 525 1569 1
540 1544 595 1570 Tc
611 1543 662 1570 AR
679 1544 731 1570 Nl
753 1546 763 1570 1
784 1532 1131 1570 demonstrationem
1150 1532 1339 1581 respondit
1361 1533 1529 1571 hactenus
1551 1527 1691 1573 Petrus
1705 1529 1793 1571 An-

177 1589 303 1634 tonius
335 1588 379 1631 M
395 1606 406 1630 1
422 1605 442 1630 c
459 1606 481 1629 H
496 1605 515 1629 Ε
531 1604 551 1629 ῑ,
567 1600 626 1629 οΤ
641 1605 664 1629 Τ
679 1605 702 1630 u
716 1603 732 1629 S
767 1603 772 1629 ί
794 1590 837 1640 i)
860 1620 869 1635 ,
900 1605 976 1630 non
996 1592 1058 1629 illc
1078 1594 1229 1641 quidem
1255 1592 1362 1630 serius
1382 1591 1512 1635 cribri,
1532 1603 1790 1641 pororutnque

178 1656 376 1694 advocatus
392 1682 402 1696 ,
441 1651 543 1689 famae
572 1660 693 1689 tamen
722 1651 783 1689 Bo
800 1665 821 1688 R
835 1664 853 1688 Ε
871 1665 890 1689 1.
906 1663 951 1689 L1
984 1652 1019 1688 &
1051 1650 1083 1688 G
1099 1664 1119 1688 u
1138 1664 1148 1688 1
1169 1662 1247 1688 L1E
1265 1664 1284 1688 L
1300 1664 1329 1689 M
1347 1663 1355 1686 1
1373 1665 1422 1689 Nl
1452 1653 1635 1690 studiosus.
1685 1651 1789 1689 Putat

175 1716 228 1752 vir
265 1713 322 1751 cl.
346 1715 382 1750 in
407 1712 475 1749 illis
507 1712 673 1748 diametri
706 1713 854 1748 maximi
885 1711 1072 1762 particulae
1102 1723 1119 1747 a
1153 1711 1332 1748 diametro
1365 1714 1527 1750 maximo
1571 1712 1652 1762 pori
1686 1711 1785 1748 aber-

174 1772 373 1811 rationibus
401 1768 596 1817 inpingere
621 1771 791 1818 equidem
823 1770 1035 1819 particulam
1067 1772 1103 1806 in
1136 1771 1309 1820 parietem
1333 1773 1441 1819 pori,
1474 1782 1593 1819 neque
1614 1770 1785 1817 expedite

173 1833 292 1870 :subire
323 1839 331 1865 t
371 1836 542 1865 caeterum
570 1822 668 1874 poffe
695 1827 737 1862 ab
768 1830 834 1871 iis,
865 1839 944 1869 ouae
974 1829 1214 1875 insequurtur
1232 1853 1240 1863 .
1267 1826 1452 1874 particulis
1473 1830 1510 1863 in
1537 1831 1664 1864 retiam
1688 1830 1785 1866 viam

165 1885 303 1939 dirigi,
333 1888 420 1925 dum
450 1886 665 1924 rotatorimn
693 1885 745 1921 ab*
763 1887 804 1920 iis
835 1885 1018 1934 particulis
1045 1893 1189 1920 motum
1211 1884 1394 1932 sequitur,
1427 1885 1539 1934 usque
1568 1886 1654 1922 dum
1683 1887 1782 1924 cleni-

171 1963 243 2000 que
268 1947 434 1985 diametri
460 1944 524 1982 fibi
555 1943 821 1994 respondeant,
850 1947 885 1981 &
923 1943 995 1993 ipsa
1032 1954 1096 1994 per
1127 1943 1292 1980 canalem
1322 1945 1566 1996 excipientem
1597 1947 1690 1981 viam
1718 1945 1781 1983 sibi

166 2010 311 2059 aperiat.
1477 2029 1480 2032 -

226 2065 365 2106 Verum
405 2063 536 2102 canalis
566 2062 780 2100 secretorius
809 2064 946 2112 poterit
978 2063 1129 2100 comicus
1158 2059 1247 2103 effe.
1284 2062 1320 2098 ὃς
1345 2068 1443 2098 certe
1479 2064 1628 2100 comicus
1661 2064 1708 2100 cst
1741 2064 1788 2102 in'

164 2126 340 2174 exemplo
365 2127 500 2162 arteriae
536 2123 746 2164 decoloris,
780 2122 903 2170 quales
938 2124 973 2158 in
1005 2134 1092 2158 uvea
1122 2120 1331 2157 men-brana
1351 2133 1368 2157 a
1399 2121 1513 2158 rubris
1545 2124 1680 2159 arteriis
1704 2122 1776 2160 nas-

372 2186 424 2222 ho
464 2190 550 2220 vero
582 2183 620 2218 in
653 2188 732 2219 calu
775 2181 901 2219 vitiosa
948 2182 1136 2231 particulae
1168 2180 1329 2229 longiori
1367 2180 1544 2220 diametro
1581 2184 1774 2231 praeeuntis

165 2195 308 2226 cuntur,

1602 2243 1650 2278 irn
1654 2240 1772 2291 pullio

243 2354 649 2395 <2)M10mm‹rm
675 2354 695 2394 i,
721 2365 745 2389 c.
777 2352 848 2387 Lex.
875 2349 900 2387 I„

242 2402 314 2435 (h)
348 2399 366 2427 l¹
399 2409 542 2429 c.n.12.

238 2443 303 2479 (i)
335 2439 413 2472 ibid.
435 2451 465 2479 p.
492 2450 562 2477 244.
