1968 2706
319 191 404 227 280
507 176 619 222 ΗΒ.
651 178 732 223 VI.
765 169 925 221 SECT.
954 178 1046 221 ΙΙΙ.
1079 180 1344 222 SANGumrs
1378 180 1469 220 PER
1502 180 1754 235 ARTERIAS.

320 290 467 322 uterum
490 285 606 333 gravis
633 284 796 326 nitatur,
823 282 861 319 δε
897 295 976 332 quae
998 281 1064 321 alia
1094 283 1176 320 sunt
1205 282 1393 325 eiusmodi.
1439 281 1473 318 Si
1508 282 1670 322 subtilius
1693 297 1769 322 rem
1800 280 1922 334 placess

319 349 376 381 ret
395 354 543 392 urgere,
575 343 667 380 ratio
699 342 762 380 hic
788 344 1009 380 inveniretur
1027 371 1038 387 ‚
1074 355 1143 392 qua
1174 342 1336 380 celeritas
1365 341 1547 390 sanguinis
1567 344 1606 380 in
1633 345 1799 382 maximis
1819 356 1919 382 mor-

319 402 374 440 bis
393 431 403 448 ,
441 402 476 438 δε
500 401 850 439 inflammationibus
876 401 959 452 ipfis
975 427 987 446 ,
1018 399 1206 449 frangitur.

407 460 544 499 Iterum
577 474 622 499 ex
654 458 938 499 anastomofibus
963 460 1149 498 conflistus
1179 459 1359 508 sanguinis
1385 461 1629 498 memorabilis
1660 460 1845 510 sequitur,
1873 470 1918 501 ut

321 521 492 557 contrarii
526 519 590 558 fibi
621 528 801 559 torrentes
822 519 898 568 (s)
928 520 1140 558 obnitantur
1158 545 1170 565 ,
1198 526 1306 569 atque
1334 519 1480 567 globuli
1510 519 1546 555 in
1576 520 1748 569 globulos
1783 521 1917 569 impin-

319 587 417 627 gant.
467 578 520 616 Ita
555 581 705 630 quidem
732 581 822 618 solet
846 577 946 622 fieri,
979 585 1020 617 ut
1043 580 1079 616 in
1104 590 1244 616 ramum
1281 578 1438 627 aliquem
1459 606 1469 620 ‚
1499 585 1560 615 aut
1588 579 1838 629 quodcunque
1878 591 1919 617 o·

318 638 422 676 stium
457 640 495 675 in
520 638 602 678 sede
636 639 827 677 conflictus
858 639 941 686 (t)
974 639 1167 688 patulum,
1194 638 1335 686 sanguis
1365 636 1552 686 utriusque
1585 638 1768 676 columnae
1794 639 1914 675 irruat.

316 697 405 735 Non
435 702 554 735 tamen
581 699 698 748 potest
716 697 795 736 fieri
814 728 824 743 ,
860 700 947 748 quin
977 698 1014 734 &
1047 698 1092 735 de
1123 697 1317 734 velocitate
1345 695 1403 735 sua
1438 695 1579 744 sanguis
1603 699 1772 740 amittat,
1804 709 1916 745 quem

317 756 483 794 effectum
509 758 647 795 dudum
674 760 779 806 tetigi
808 757 934 806 (u),
969 757 1002 793 &
1034 764 1205 806 praeterea
1234 755 1350 793 fn‘ffio
1387 758 1480 793 inter
1506 755 1680 803 globulos
1717 756 1846 793 rubros
1875 768 1921 792 ea·

314 816 500 860 nascatur,
532 829 611 866 quae
638 819 689 855 est
712 820 868 856 maxima
884 845 895 861 ‚
930 814 1110 866 siquidem
1142 827 1219 854 non
1244 815 1401 864 obliquo
1427 814 1537 852 ductu
1553 842 1563 858 ,
1587 814 1646 852 secl
1685 815 1818 853 diret'to
1836 841 1848 859 ,
1877 817 1921 851 in„

313 875 510 924 globulum
534 876 708 924 globulus
726 877 868 916 incidit.

902 999 942 1040 §r
986 992 1053 1031 IV.
1104 986 1162 1032 Et.
1198 987 1350 1031 retium.

394 1107 479 1147 Huc
506 1105 609 1149 retia
647 1111 834 1156 redeunt,
871 1124 951 1162 quae
986 1111 1236 1150 Butmus
1271 1108 1375 1158 (x)
1416 1109 1552 1158 ubique
1585 1108 1621 1145 in
1650 1119 1807 1162 corpore
1838 1110 1913 1148 hu·-

306 1180 439 1213 mano,
474 1168 657 1206 NATUR
678 1183 702 1208 A
729 1180 827 1210 certe
863 1170 1030 1220 plurimis
1062 1169 1155 1206 locis
1199 1169 1410 1210 fabricavit,
1442 1180 1509 1205 nos
1542 1167 1626 1205 alias
1657 1168 1907 1217 deicripsimus

310 1229 416 1279 (y).
463 1227 565 1267 Nihil
600 1231 697 1266 enim
728 1232 815 1268 retia
844 1231 949 1273 sunt,
983 1227 1046 1267 nifi
1076 1229 1238 1278 repetitae
1270 1239 1452 1265 ramorum
1487 1226 1678 1274 cujuslibet
1705 1229 1823 1266 trunci
1857 1241 1912 1266 ar-

306 1287 424 1326 teriofi
453 1299 539 1326 cum
570 1289 775 1327 vicinorum
799 1297 1018 1327 truncorum
1049 1286 1194 1324 ramulis
1219 1286 1469 1324 anastomoseS.
1517 1285 1557 1323 ln
1586 1286 1627 1323 iis
1657 1288 1789 1325 retibus
1814 1287 1912 1324 cele-

304 1349 444 1384 ritatem
464 1347 579 1384 minui
614 1347 666 1394 (z
684 1346 726 1397 )‚
750 1348 1010 1397 adflictumque
1035 1346 1274 1394 globulorum
1299 1374 1309 1389 ,
1338 1358 1452 1395 eaque
1473 1345 1596 1382 omnia
1612 1374 1622 1388 ‚
1650 1358 1728 1395 quae
1752 1358 1798 1385 ex
1819 1358 1910 1384 con.-

304 1407 494 1443 fricatione
521 1405 715 1444 nascuntur
736 1434 750 1451 ,
780 1408 904 1456 augeri
943 1414 1084 1443 certum
1116 1405 1174 1442 est.
1219 1404 1318 1442 Solvi
1346 1406 1557 1452 sanguinem
1599 1405 1743 1442 volebat
1787 1405 1814 1443 B
1836 1418 1906 1443 EL-

304 1477 324 1502 L
340 1476 460 1502 INUS
485 1465 576 1513 (a)
611 1493 623 1512 ,
653 1467 752 1515 quod
777 1467 946 1504 haetenus
972 1465 1114 1503 admitti
1143 1464 1283 1514 potest,
1314 1473 1355 1503 ut
1380 1466 1534 1501 omnino
1555 1475 1573 1499 a
1598 1465 1683 1501 tritu
1716 1466 1876 1502 minores
1891 1492 1909 1507 ,,

301 1525 337 1561 &
365 1525 564 1562 eminentes
597 1526 862 1563 molecularum
898 1525 1175 1573 sanguinearum
1211 1524 1309 1574 quast
1338 1535 1456 1561 ramos
1475 1522 1619 1565 deteri,
1658 1530 1798 1560 certum
1833 1522 1903 1566 fit,

300 1591 407 1632 atque
431 1583 525 1621 adeo
562 1585 597 1621 &
624 1586 779 1632 majores
800 1584 991 1622 moleculae
1021 1584 1181 1620 minores
1206 1583 1331 1627 fiant‚'
1353 1584 1388 1620 δε
1423 1583 1543 1619 multae
1584 1593 1687 1619 novae
1731 1594 1776 1619 ex
1806 1583 1907 1631 prio-

298 1655 380 1680 rum
412 1644 584 1680 ramentis
612 1643 799 1681 decedant.
835 1643 922 1681 Haec
955 1644 1046 1680 ratio
1073 1642 1225 1686 suadet,
1270 1644 1564 1692 experimentum
1599 1641 1741 1678 nullum
1772 1641 1912 1678 confir-

299 1708 382 1739 mat.
432 1701 577 1738 Misceri
606 1710 801 1753 praeterea,
825 1701 1003 1750 siquidem
1040 1701 1214 1738 humores
1244 1701 1396 1739 duarum
1427 1701 1636 1737 arteriarum
1667 1698 1791 1736 diverfi
1829 1700 1909 1736 fue-

298 1768 411 1802 runt,
437 1761 623 1807 utriusque
649 1761 799 1809 liquoris
824 1760 1037 1810 particulam,
1064 1761 1286 1807 tertiumque
1315 1760 1518 1809 componi,
1555 1759 1617 1806 qui
1640 1757 1824 1807 utriusque
1844 1769 1908 1806 ge-

299 1820 392 1856 neris
411 1819 603 1871 particulas
630 1820 785 1863 habeat,
810 1819 934 1857 eadem
954 1820 1044 1856 ratio
1071 1817 1247 1856 ostendit.
1795 1870 1821 1922 5
1856 1873 1898 1912 V

388 2015 454 2049 (s)
483 2014 586 2044 Second
612 2015 706 2046 Mem.
729 2015 807 2054 Exp.
833 2023 897 2052 153.
916 2023 978 2051 154.
1006 2011 1086 2048 14⁸4*
1111 2024 1179 2051 ¹55·
1206 2023 1276 2050 157.
1303 2021 1454 2048 ¹71.173·
1478 2019 1544 2047 175.
1568 2011 1634 2044 176.
1662 2015 1825 2054 1783180.
1845 2015 1903 2044 182

304 2060 374 2092 187.
406 2065 470 2088 150.
500 2053 563 2084 Etsi
584 2054 668 2084 enirn
704 2056 738 2086 hi
767 2064 917 2086 torrentes
945 2055 1053 2084 iterum
1084 2054 1114 2086 in
1137 2054 1251 2084 eodem
1274 2055 1404 2085 canale,
1431 2051 1548 2082 nonin
1573 2050 1748 2081 amnon-rofi
1772 2051 1903 2081 duorum

300 2095 457 2126 canalium
475 2095 530 2125 visi
548 2095 616 2126 sunt
638 2117 646 2129 ‚
671 2097 747 2127 nihil
770 2104 875 2127 tamen
897 2095 1066 2126 intercedit
1088 2118 1097 2132 ,
1125 2096 1202 2135 quin
1224 2106 1280 2136 par
1303 2102 1459 2127 ramorum
1481 2090 1659 2133 posterioris
1683 2091 1799 2130 generis
1823 2091 1902 2121 ratio

300 2136 343 2167 fit.
380 2137 416 2166 In
436 2136 616 2167 anastomosi
640 2139 752 2169 venosa
775 2137 841 2168 vidi
875 2136 953 2174 Exp.
971 2148 1038 2174 ¹32·
1525 2149 1527 2151 >

381 2179 444 2213 (t)
469 2177 546 2215 EXD·
573 2177 660 2215 ¹54*-
684 2190 750 2218 155.
774 2189 841 2214 171-
867 2184 1028 2213 178'·190·

380 2220 455 2255 (u)
486 2229 516 2256 p.
541 2224 606 2255 189.
634 2229 701 2256 ¹90·

376 2260 448 2296 (x)
483 2262 526 2290 De
541 2259 671 2297 ferment.
702 2262 741 2298 ἐξ
759 2260 857 2300 gland.
891 2257 982 2299 Prop.
1008 2264 1056 2297 38.

381 2299 568 2338 (y)1,.11.
592 2310 622 2339 p.
646 2311 694 2334 9¹-

379 2344 390 2377 (
412 2344 457 2377 z)
477 2352 507 2380 p.
530 2347 595 2377 ¹89·
619 2352 687 2376 tro,
1777 2375 1794 2383 n

380 2386 422 2417 (a
441 2386 451 2419 )
473 2386 489 2413 1.
516 2383 611 2413 modo
636 2384 687 2414 cit.
710 2381 775 2413 Mo
790 2392 841 2413 nc
857 2392 877 2412 Α
892 2393 913 2412 x
930 2384 1049 2421 princip.
1072 2391 1102 2422 p.
1130 2387 1197 2418 187.
1230 2382 1462 2414 Sive-mm
1517 2379 1641 2410 mmnoir.
1662 2377 1696 2407 de
1717 2377 1814 2407 Remu
1836 2374 1856 2404 1.
1878 2384 1909 2407 c.,

299 2435 328 2464 p.
356 2435 401 2461 ςς,
