1968 2706
854 142 913 201 *E
962 148 1155 199 (224)
1202 143 1269 203 {⁶-

863 373 1146 427 SEGTIO
1206 376 1328 427 Il·

426 490 945 579 PRESS10
1033 492 1756 553 LATERA-Lrs„

876 622 1248 667 PULSUS.

764 750 797 792 §-
840 745 869 784 Ι.
936 741 1058 787 Unde
1084 758 1130 787 ea
1154 741 1291 802 preffio
1308 740 1379 803 fiir

340 857 367 896 ‘I
393 859 433 895 in
450 857 592 895 arterias
616 857 742 894 inanes
760 856 903 906 sanguis
938 859 984 898 de
1011 857 1122 898 corde
1145 858 1180 896 se
1208 857 1452 900 diffunderet,
1494 866 1618 905 neque
1644 857 1794 895 celerius
1817 869 1892 907 pers

372 919 589 955 anteriorem
612 915 722 953 finem
753 914 894 965 sanguis
919 919 1137 967 aufugeret,
1168 929 1278 968 quam
1302 917 1451 967 quidem
1475 928 1537 965 per
1550 915 1660 953 finem
1683 916 1786 954 cordi
1804 930 1890 967 pro-

270 979 414 1026 piorem
436 977 555 1017 subit.
583 983 671 1012 tunc
700 977 852 1024 quidem
880 980 1020 1015 arteriae
1043 989 1061 1014 a
1093 977 1269 1025 sanguine
1298 989 1376 1014 non
1409 976 1644 1014 dilatarentur
1663 989 1670 1013 :
1691 988 1810 1026 neque
1824 977 1898 1016 alia:

269 1035 401 1086 pressio
424 1034 578 1073 lateralis
600 1035 725 1073 locum
752 1035 901 1074 haberet
920 1066 930 1081 ‚
971 1049 1081 1087 quam
1107 1038 1317 1074 communis
1343 1036 1403 1073 illa
1429 1062 1440 1079 ‚
1466 1037 1713 1086 omnibusque
1742 1038 1890 1088 propria

270 1095 476 1145 liquoribus
500 1124 509 1138 ‚
543 1095 581 1132 in
612 1106 875 1146 quemcunque
907 1098 1069 1134 canalem
1098 1094 1214 1133 effusis
1239 1123 1249 1138 ,
1283 1097 1416 1145 quibus
1446 1096 1630 1145 peculiare
1656 1124 1665 1138 ‚
1708 1107 1801 1145 aque
1834 1096 1899 1134 soe¹

269 1154 433 1192 lidorum
463 1166 666 1204 corporum
692 1161 819 1193 natura
839 1155 1018 1193 diversum
1048 1155 1097 1192 est
1118 1153 1310 1204 preffionis
1327 1167 1441 1204 genus
1471 1155 1565 1202 (m)
1586 1185 1595 1199 ‚
1624 1166 1699 1205 quo
1727 1155 1890 1204 undique

270 1215 309 1251 in
336 1225 488 1251 omnem
511 1214 688 1252 ambitum
718 1214 770 1252 sui
800 1213 885 1252 valis
912 1217 1079 1252 nituntur
1100 1243 1109 1257 ‚
1151 1226 1270 1262 neque
1298 1224 1381 1252 toto
1408 1215 1570 1264 pondere
1597 1216 1636 1252 in
1661 1221 1800 1263 partem
1830 1215 1889 1251 in:—

268 1272 390 1311 fimam
411 1274 616 1323 gravinam,
647 1280 688 1310 ut
712 1273 869 1323 quidem·
892 1274 1004 1312 solida
1034 1285 1192 1323 corpora
1219 1274 1348 1312 solent.

722 1396 753 1437 ς,
790 1390 836 1430 ΙΙ.
900 1386 1081 1431 Arteriae
1099 1386 1258 1446 fi’mper
1279 1387 1420 1446 plenae.

354 1510 426 1550 Sed
452 1510 584 1548 aliam
602 1511 739 1549 arteriis
770 1510 937 1560 corporis
964 1513 1126 1550 animalis
1143 1511 1273 1561 preffio
1297 1513 1504 1562 reperitur,
1528 1521 1611 1559 quae
1627 1510 1749 1556 multis
1767 1508 1887 1548 modis

268 1571 313 1607 ab
337 1570 399 1608 illa
426 1572 617 1609 communi
645 1568 825 1619 pressione
861 1571 974 1609 distat.
1039 1571 1085 1610 Et
1123 1573 1245 1621 primo
1274 1572 1424 1621 quidem
1452 1572 1586 1608 arteriae
1626 1569 1788 1608 animalis
1817 1571 1895 1608 vivi

269 1629 334 1667 suo
360 1631 458 1667 vitali
487 1630 643 1668 humore
674 1636 855 1678 perpetuo
879 1630 996 1682 plenae
1018 1631 1108 1669 sunt.
1154 1630 1243 1668 Non
1275 1637 1425 1680 repeto,
1456 1642 1535 1680 quae
1563 1629 1648 1668 alias
1668 1627 1827 1679 protuli,
1847 1638 1896 1667 ut·

270 1688 501 1727 ostenderem
525 1715 536 1731 ,
558 1689 721 1726 multum
747 1690 784 1725 in
805 1690 876 1726 vivi
905 1691 1067 1728 animalis
1090 1686 1225 1728 arteriis
1249 1691 1463 1737 sanguinem
1488 1686 1556 1727 effe
1584 1689 1699 1736 (n),
1728 1687 1893 1726 multum·

271 1749 381 1786 etiam
409 1747 544 1797 in-ipfis
558 1749 738 1786 cadaveris
757 1747 817 1795 (ο)
833 1750 969 1786 arteriis
982 1750 1157 1799 reperir13
1182 1747 1341 1798 superest
1354 1760 1452 1786 nunc
1475 1756 1514 1786 ut
1529 1748 1716 1786 ostendam
1732 1748 1753 1793 ,l
1767 1759 1888 1798 neque

270 1818 427 1847 vacuum
443 1808 604 1857 spatium*
619 1808 655 1844 in
680 1806 816 1845 arteriis
838 1807 996 1858 relinqui
1022 1835 1034 1854 ,
1061 1808 1163 1858 quod
1192 1820 1211 1846 a
1237 1809 1410 1856 sanguine
1437 1819 1514 1845 non
1539 1808 1720 1857 repleatur
1736 1835 1746 1850 ,
1768 1819 1887 1857 neque

266 1867 477 1918 quidquam
499 1869 544 1904 in-
567 1868 694 1906 arteria
722 1868 830 1905 inane
854 1863 1013 1917 relinqui
1033 1894 1044 1916 ‚
1077 1867 1147 1905 five
1166 1879 1206 1905 ea
1235 1869 1275 1905 in
1305 1867 1433 1917 systole
1457 1866 1515 1905 sua
1538 1866 1690 1905 affletur
1707 1883 1730 1914 ‚·
1745 1864 1814 1905 five
1834 1867 1893 1916 viq-

265 1927 381 1965 ciffim
406 1939 425 1965 a
457 1938 553 1964 nova
575 1926 673 1964 unda
698 1927 925 1976 expandatur
951 1925 1037 1980 (p).

270 1985 283 1997 ‘
389 1984 568 2025 Occurrit
595 1988 776 2024 continuo
802 1987 907 2024 facile
924 1989 1227 2039 experimentum.
1278 1986 1315 2025 Si
1340 1985 1447 2024 enim-
1464 1987 1630 2025 arteriam
1645 1982 1853 2034 percusseris
1871 2011 1884 2029 ᾖ

269 2045 342 2083 five
367 2058 446 2084 eam
470 2046 507 2082 in
535 2045 660 2094 systole
683 2047 881 2083 minimave
908 2046 1107 2090 diametro,
1135 2050 1241 2086 etiam
1259 2048 1415 2084 minimo
1431 2074 1440 2089 ,
1467 2057 1586 2095 neque
1613 2045 1705 2082 ultra
1733 2045 1884 2092 parietes

267 2111 488 2154 penetrante
506 2133 517 2148 ,
543 2104 692 2142 vulnere
719 2106 846 2143 laeseris
862 2135 872 2150 ,
890 2102 970 2144 'five
991 2108 1029 2144 in
1053 2109 1210 2145 maxima
1225 2136 1233 2149 ,
1265 2106 1417 2155 perinde
1451 2104 1663 2153 sanguinem
1689 2102 1854 2141 effundet
1870 2112 1893 2140 .·’

270 2171 487 2213 argumento
513 2190 523 2207 ‚
557 2164 668 2202 etiam
693 2166 731 2203 in
757 2166 939 2204 contraea
969 2169 1097 2208 arteria
1117 2168 1329 2217 sanguinem
1360 2164 1485 2215 praesto
1508 2164 1608 2204 fuisse
1627 2193 1637 2209 .
1663 2165 1727 2214 qui
1750 2173 1816 2213 per
1837 2160 1884 2199 ri'-

1787 2231 1890 2259 mamz

378 2328 408 2347 m
444 2316 897 2390 [illusscnnunnozcx
924 2321 1044 2361 institut.
1066 2332 1095 2354 n.
1117 2326 1256 2359 784.ι’3τ.ιΑ

412 2317 428 2396 ))
498 2357 552 2390 111.
580 2359 606 2391 S.
627 2360 652 2392 I·.
678 2371 708 2392 n.
732 2374 758 2393 1.

414 2402 428 2437 )
458 2411 487 2430 n.
509 2412 541 2431 2.

408 2443 421 2481 )
441 2440 568 2476 Monuit
590 2441 652 2482 jam
675 2442 701 2475 C
715 2455 766 2481 ΕΑ
779 2456 801 2478 R
813 2456 831 2476 t.
845 2456 860 2477 Ε
877 2455 900 2478 'r
914 2457 933 2478 o
949 2458 971 2477 Ν
993 2449 1069 2479 three
1095 2446 1208 2477 lec‘lures
1240 2457 1266 2485 p.
1291 2452 1348 2477 ις,

357 2316 371 2353 (

355 2358 370 2391 (

355 2400 371 2434 (

353 2441 367 2476 ί

380 2369 401 2387 n

383 2410 398 2429 ο

376 2448 394 2478 Ρ
