1968 2706
466 140 981 187 DWERSITitTIS
1029 139 1407 181 HUMORUM.
1664 155 1743 198 452-

140 245 344 295 angustiora
365 270 375 287 ,
409 241 586 281 foramina
617 243 692 280 exit
713 236 819 293 (ο),
848 246 908 277 aut
938 250 1002 288 per
1033 239 1137 276 villos
1160 239 1359 276 inhalantes
1383 238 1586 277 resorbetur
1611 240 1702 295 (P)
1736 272 1745 286 ‚

138 306 259 343 donec
292 303 428 341 secluso
459 303 590 352 adipe,
623 313 715 350 aqua
740 299 897 337 resorbta
917 324 927 343 ‚
948 300 984 335 in
1010 299 1168 349 propriis
1203 311 1302 335 nuuc
1330 299 1476 336 vasculis
1511 297 1538 336 is
1561 300 1655 339 solus
1677 303 1750 340 hu-

137 377 220 402 mor
250 364 461 400 dominetur
481 388 492 406 ‚
512 364 574 411 qui
605 360 796 398 albuminis
829 358 1049 395 adfectiones
1077 358 1194 395 habet.
1230 358 1332 395 idern
1362 370 1446 396 cum
1472 357 1618 396 fluidIor
1636 375 1747 400 muco

137 423 204 466 fit,
234 425 270 460 ἃ
298 434 367 459 un]
400 419 643 470 ponderosior
669 419 779 472 (q),
811 430 874 467 per
901 417 1087 464 longiores
1121 417 1202 463 (r)
1241 417 1367 454 duetus
1401 419 1627 456 excretorios
1654 423 1752 459 viam

137 484 326 524 inveniet,
353 493 423 530 qua
444 491 561 528 neque
590 478 700 527 adeps
719 489 906 526 permeare
933 483 1044 526 queat
1059 505 1069 520 ,
1093 476 1127 513 &
1144 489 1190 513 ne
1213 489 1340 514 mucus
1359 478 1519 527 quidem.
1557 476 1615 516 De
1645 481 1750 530 adipe

136 542 234 580 idem
269 553 330 588 per
356 539 619 577 resorbtionem
648 537 835 586 separatur.

231 599 334 637 Muci
352 601 415 635 viae
429 598 650 646 angustiores
665 595 731 634 effe
747 597 917 633 videntur
929 625 938 638 ‚
955 606 1063 644 quam
1081 595 1137 633 vel
1155 594 1228 633 olei
1246 596 1301 633 vel
1326 596 1484 646 lymphae
1496 627 1505 641 ‚
1533 610 1642 648 quam
1666 606 1742 638 tum

137 658 286 695 denium
301 660 491 695 admittant
511 683 522 700 ‚
542 656 689 706 quando
715 658 828 703 maJ'or
850 655 1019 692 velocitas
1034 654 1182 692 acceffit.
1218 654 1360 693 Eaedem
1378 657 1499 694 breves
1516 657 1589 694 fere
1608 659 1744 708 semper

135 718 234 761 sunt,
255 719 289 754 ἃ
307 717 410 755 villus
426 716 577 753 mucifer
594 718 630 752 in
647 715 854 752 folliculum
875 726 952 751 non
967 715 1082 762 longo
1098 716 1222 751 itinere
1243 724 1348 763 patet.
1374 716 1555 753 Credibile
1574 718 1643 761 est,
1667 730 1743 757 nm-

137 788 220 813 tuiu
239 789 286 813 ex
300 781 423 814 arteria
438 776 492 812 vel
506 775 598 812 flexa
616 804 626 818 ,
642 775 696 811 vel
715 775 826 822 longe
846 774 1024 820 capillati,
1043 774 1078 809 &
1093 786 1112 810 a
1133 775 1273 821 magnis
1287 778 1419 811 truncis
1438 772 1611 815 arteriofis
1626 790 1741 816 remo·

134 835 205 873 tius
233 843 314 873 nata
334 864 343 878 ,
371 834 554 885 progigni.
603 834 640 871 Si
657 834 792 883 absque
816 833 985 870 folliculo
1005 832 1174 870 mucosus
1205 834 1338 870 humor
1371 834 1550 880 nascitur,
1595 845 1683 874 tunc
1708 839 1744 875 <Q

134 907 180 932 ex
216 896 392 933 artefiolis
434 894 665 938 minoribus,
692 894 729 930 ὃ(
764 892 1000 941 longioribus
1028 892 1108 939 (s)
1126 921 1134 935 ,
1171 892 1208 928 δε
1234 893 1448 930 cincinnatis
1479 894 1557 940 (t)
1594 908 1744 935 niueum

133 955 298 1002 generari
325 953 510 1003 opinabile
531 952 663 996 fuerit,
694 960 735 990 ut
767 953 879 1000 ipsam
916 963 979 1000 per
1009 963 1148 989 moram
1174 952 1359 1002 particulae
1389 953 1595 990 viscidiores
1622 959 1655 993 vi
1683 958 1745 994 ad-

135 1014 263 1050 tractili
289 1016 388 1051 coire
411 1011 554 1061 poffint.
606 1011 650 1049 In
678 1012 846 1049 folliculo
875 1011 1022 1048 demum
1040 1039 1049 1054 ,
1076 1018 1136 1048 aut
1157 1012 1193 1047 in
1217 1011 1407 1061 praelongo
1436 1013 1545 1051 dttstu
1572 1024 1744 1054 excreto-

131 1074 188 1108 rio
203 1101 213 1116 ,
246 1073 385 1115 lentor,
407 1074 470 1121 qui
498 1073 536 1108 in
558 1078 701 1109 recente
722 1069 852 1119 pituita
882 1082 1012 1122 parvus
1044 1071 1112 1107 fuit
1128 1097 1140 1114 ‚
1161 1082 1226 1120 per
1249 1070 1515 1111 resorbtionem
1539 1077 1620 1124 (u)
1640 1088 1743 1127 aquae

132 1131 169 1167 δε
198 1131 454 1181 particularum
488 1131 576 1178 (κ)
605 1130 825 1168 adtrastione
855 1129 1051 1177 perficitur.

219 1189 406 1228 Humores
432 1189 555 1240 aquoffi
581 1189 764 1227 transeunt
783 1201 846 1238 per
872 1188 993 1226 oscula
1020 1190 1186 1227 tenuiora
1211 1186 1265 1242 (y
1284 1186 1304 1240 )
1323 1217 1335 1234 ,
1362 1203 1442 1241 quae
1468 1204 1586 1243 neque
1610 1206 1742 1234 muco-

131 1248 180 1286 sas
208 1250 399 1299 particulas
421 1249 581 1301 recipere
608 1256 690 1298 apta
711 1247 802 1291 sint,
826 1259 944 1296 neque
967 1248 1212 1296 coagulabiles
1227 1275 1238 1296 ‚
1267 1261 1387 1299 neque
1414 1253 1569 1301 pingues
1585 1282 1594 1296 ,
1615 1266 1742 1304 quam-

132 1307 195 1345 diu
226 1309 283 1346 sua
315 1321 454 1357 organo
481 1309 667 1356 integritas
686 1307 834 1346 constat.
892 1306 1036 1344 Eaedem
1065 1306 1148 1344 alias
1176 1308 1220 1345 de
1253 1310 1359 1346 rubra
1389 1313 1513 1348 arteria
1538 1311 1737 1359 secedunt,

129 1374 191 1404 aut
220 1367 265 1406 de
287 1368 453 1405 atteriola
482 1368 645 1411 minori,
674 1379 754 1417 quse
773 1367 884 1404 rubro
911 1365 1085 1414 sanguine
1118 1367 1152 1403 se
1191 1367 1354 1406 liberavit
1375 1367 1456 1419 (z)
1475 1383 1483 1407 :
1503 1378 1565 1408 aut
1589 1371 1740 1412 demum

97 1425 177 1489 ,de
205 1428 386 1476 prioribus
408 1427 609 1465 humorum
636 1426 830 1475 generibus
856 1424 1070 1464 resorbetur.
1130 1426 1279 1477 Aquoso
1306 1427 1455 1465 humori
1483 1429 1673 1469 destinatas
1699 1432 1740 1470 fi.

129 1486 233 1523 stulas
265 1494 435 1536 praeterea
467 1487 577 1525 reitas
608 1485 676 1523 effe
709 1486 851 1524 videtur
878 1482 987 1535 (a),
1015 1486 1051 1522 &
1070 1485 1133 1524 sub
1160 1487 1202 1523 iis
1230 1487 1373 1535 angulis
1410 1483 1491 1536 (h)
1513 1488 1630 1536 iisque
1651 1503 1741 1530 con.

129 1544 333 1583 ditionibus
362 1546 397 1582 ἃ
420 1546 537 1590 nasci,
571 1547 608 1584 &
639 1544 815 1594 produci,
849 1556 928 1594 quae
958 1544 1135 1584 celeritati
1165 1546 1420 1585 conservandae
1448 1546 1632 1598 aptissimae
1652 1579 1664 1595 ,
1701 1551 1739 1589 &

128 1603 174 1641 ab
197 1606 301 1642 omni
327 1616 429 1644 mora
457 1617 566 1655 quam
588 1603 805 1642 alienissimae
830 1603 907 1641 fint.

213 1663 281 1701 His
305 1671 463 1714 quatuor
492 1664 692 1702 humorum
724 1663 920 1714 generibus
946 1661 1126 1702 subductis
1150 1691 1162 1713 ,
1186 1664 1281 1703 solus
1309 1667 1347 1703 in
1371 1668 1498 1705 arteria
1528 1668 1632 1705 rubra
1663 1667 1742 1707 san-¹

128 1724 208 1771 guis
233 1723 308 1762 fere
340 1723 524 1773 superest,
555 1736 667 1774 quem
684 1726 826 1762 minora
859 1722 986 1760 ostiola
1013 1724 1063 1761 ob
1097 1723 1283 1762 crassitiem
1316 1727 1580 1778 repudiarunt:
1614 1728 1648 1764 ἃ
1675 1730 1739 1778 qui

127 1782 226 1819 idem
256 1782 406 1820 solidior
426 1810 438 1826 ‚
471 1783 611 1820 tuendo
636 1785 695 1820 axi
720 1782 973 1821 conservandae
994 1782 1188 1825 celeritati,
1211 1783 1444 1823 minimarum
1459 1786 1707 1824 arteriolarurn
1726 1817 1737 1830 ‚

126 1840 171 1878 ad
197 1840 288 1878 alios
323 1840 496 1879 humores
532 1842 813 1895 conniventium
849 1839 1013 1878 densitati
1063 1840 1268 1892 superandae
1314 1843 1505 1892 aptissimas
1537 1845 1738 1883 moleculas

943 1897 988 1937 M
1007 1909 1045 1936 m
1063 1909 1102 1937 m
1152 1910 1171 1945 3
1615 1903 1736 1944 nauus

300 1964 327 1992 Ρ-
350 1960 421 1989 423,

295 2006 325 2034 p.
343 2006 414 2034 450.

305 2047 334 2075 p.
362 2044 428 2071 362·

296 2088 326 2116 p.
348 2086 419 2117 443·

290 2119 330 2149 Ut
353 2120 383 2149 in
403 2118 517 2152 semine
540 2128 570 2159 p.
595 2127 668 2159 ,μὴ

288 2158 366 2191 ibid.

231 2204 276 2231 ιι)
302 2211 332 2239 p.
368 2212 438 2239 450.

232 2265 237 2271 .
260 2248 275 2278 y
296 2252 325 2280 p.
349 2251 420 2275 420.

228 2286 276 2321 y)
299 2294 329 2322 Ρ·
355 2288 426 2319 428.

232 2335 250 2354 2

231 2376 249 2396 a

235 1966 248 1985 σ

228 2006 247 2035 Ρ

235 2049 253 2077 q

233 2090 246 2108 r

226 2130 237 2149 5

234 2167 246 2191 t

235 2253 251 2271 x*

254 2042 280 2197 νυνυ
260 1956 274 2032 νυ

317 2346 324 2353 .
350 2333 421 2357 410.

258 2327 328 2445 }{3.
353 2373 423 2401 424,

208 1955 223 1989 (

207 1997 220 2032 (

207 2038 222 2071 (

204 2078 219 2112 (

199 2121 214 2153 (

206 2161 220 2195 (

207 2203 221 2236 (

203 2245 217 2277 (

205 2286 218 2319 (

208 2327 221 2359 (

207 2365 222 2402 (
297 2408 300 2411 .
331 2405 336 2411 .

201 2409 218 2442 ί
294 2406 370 2439 ibid,

228 2409 246 2437 h
