1968 2706
602 204 786 252 SECT.
832 209 902 250 II.
965 211 1163 251 COLA.
1612 221 1695 260 379

80 313 143 364 qui
170 322 252 351 vere
280 321 386 349 cavus
405 309 524 352 foret,
556 309 592 347 &
620 309 764 346 tenuius
784 306 965 355 liquidum
996 308 1211 343 contineret.
1262 304 1384 350 Quare
1413 304 1487 342 fere
1521 304 1565 342 ad
1588 305 1702 353 injec-

82 373 200 410 tiones
222 371 442 408 anatomicas
463 398 472 412 ,
502 367 722 416 morbosque
747 374 896 411 oportet
922 364 1121 407 confugisse
1142 391 1153 408 ,
1187 373 1227 400 ut
1259 365 1341 401 alias
1367 365 1505 402 monui.
1570 363 1698 411 Injeffl

81 431 235 481 quidem
261 430 420 479 liquores
454 430 490 465 in
510 427 690 483 glandulis
727 427 1008 474 conglomeratis
1039 423 1229 461 difficulter
1254 436 1299 460 ex
1325 425 1460 460 arteriis
1488 425 1524 460 in
1546 424 1695 462 dudum

85 491 329 529 excretorium
360 484 543 524 transeunt
562 515 572 529 ‚
600 486 635 522 δι
663 485 685 521 fi
715 488 897 522 tenuiores
923 484 1075 526 fuerint,
1102 481 1208 520 facile
1230 485 1266 519 in
1296 483 1505 522 cellulosam
1534 483 1642 522 telam
1659 483 1693 521 se

85 548 296 587 diffundunt
315 573 328 592 ,
353 548 475 596 aliqua
498 554 620 583 tamen
643 545 812 594 exempla
844 545 1006 581 feliciora
1033 542 1186 581 excitavi
1220 543 1237 591 (
1257 550 1273 581 τ
1292 541 1322 590 ).

285 660 322 714 §.
369 663 445 701 IV.
495 657 664 702 Fabrica
699 658 836 702 ultima
869 659 1101 707 acinorum,
1136 673 1186 700 cm
1221 656 1462 716 glandulosa.

175 782 374 832 Hucusque
405 782 555 830 quidem
592 784 845 832 experimento
874 781 1104 834 progressum
1128 781 1189 818 est.
1252 782 1321 819 Sed
1361 779 1519 818 multum
1549 780 1690 830 supere·

82 850 133 880 rat
153 868 165 887 ,
188 845 289 891 quod
317 841 524 891 phyfiologi
553 844 656 879 inviti
679 843 889 890 ignorarent
922 870 931 884 ‚
974 841 1106 878 fabrica
1146 853 1278 889 nempe
1321 841 1426 887 hujus
1472 840 1592 883 acini,
1626 841 1690 890 qui

80 903 251 939 ultimum
281 902 379 939 oculi
416 901 659 948 conspicuum
688 901 910 938 elementum
940 899 1122 948 glandulae
1157 899 1355 937 constituit.
1405 898 1499 936 Duae
1523 899 1597 936 fere
1635 898 1694 936 se-

83 962 145 998 &ae
161 961 306 998 fuerunt
323 989 332 1004 ,
349 972 428 1008 quae
443 972 571 997 eorum
594 962 781 997 acinorum
801 958 927 997 ultima
951 961 983 996 ie
1004 958 1217 1010 perspexisse
1243 966 1437 1011 putarunt,
1463 958 1499 994 δε
1515 959 1694 996 contraria

84 1020 301 1057 docuerunt.
364 1018 466 1056 Prior
496 1019 646 1067 quidem
683 1019 1007 1055 MALPIGHHJS
1036 1019 1079 1055 ab
1115 1025 1211 1056 anno
1247 1027 1343 1056 retro
1393 1023 1514 1061 1665.
1546 1019 1610 1066 qui
1642 1013 1694 1056 de

66 1073 266 1130 strchura
298 1073 488 1131 vzscerzcm
517 1075 814 1116 exercitationes
841 1078 984 1122 edidit',
1013 1077 1164 1126 Europae
1198 1078 1274 1115 fere
1305 1076 1376 1115 toti
1406 1075 1594 1126 persuasit,
1621 1077 1693 1115 aci-

81 1151 214 1176 norum
241 1150 319 1175 eam
345 1138 514 1174 fabricam
543 1137 635 1180 effe,
667 1148 748 1185 quae
778 1134 935 1173 folliculi
963 1136 1032 1172 sive
1064 1137 1246 1184 glandulae
1274 1137 1443 1186 simplicis
1471 1137 1685 1185 muciparae,

84 1198 229 1246 qualem
266 1197 374 1246 paulo
406 1197 485 1245 post
526 1197 768 1234 describemus
796 1224 806 1239 ,
839 1195 987 1232 rotundi
1018 1207 1155 1243 nempe
1191 1196 1359 1239 utriculi,
1405 1208 1469 1244 per
1504 1194 1690 1233 arteriolas

85 1259 254 1293 minimas
298 1256 480 1304 liquorem
522 1256 731 1304 accipientis
759 1283 767 1296 ‚
816 1266 926 1303 quem
958 1255 995 1291 in
1037 1253 1185 1291 ducrum
1218 1256 1465 1293 excretorium
1506 1254 1685 1293 amandet.

85 1312 194 1353 Varia
220 1315 323 1359 sunt,
348 1315 478 1364 quibus
511 1314 590 1353 haec
624 1316 687 1351 ivit
716 1313 922 1365 persuasum
948 1321 1169 1361 argumenta.

479 1428 515 1482 §2
550 1432 597 1470 V.
660 1427 914 1484 Comparatio
955 1442 1041 1470 cum
1074 1427 1295 1485 visceribus.

172 1548 216 1587 Et
241 1549 401 1599 primum
437 1563 520 1588 cum
548 1551 741 1590 visceribus
765 1548 953 1601 glandulas
978 1552 1230 1600 comparabat,
1256 1558 1296 1588 ut
1316 1551 1426 1597 hepar
1443 1577 1455 1594 ,
1471 1562 1556 1596 ren,
1572 1552 1691 1596 testis,

86 1620 217 1657 magna
244 1611 512 1658 conglomerati
542 1614 686 1659 generis
712 1610 883 1659 glandula
904 1609 1011 1652 effet,
1037 1622 1117 1658 quae
1154 1611 1303 1659 perinde
1335 1612 1369 1646 ὃς
1402 1612 1514 1649 acinis
1551 1612 1690 1648 constri-

85 1675 163 1711 tet‚
190 1668 364 1718 suumque
396 1670 588 1707 humorem
627 1684 689 1720 per
721 1671 869 1709 ductum
899 1669 1132 1707 secretorium
1161 1671 1367 1707 amandaret
1393 1695 1404 1712 .,
1432 1669 1608 1708 simillima
1639 1683 1692 1709 ra·

85 1728 188 1764 tione
218 1740 262 1764 ex
292 1730 450 1765 minimis
475 1731 642 1767 radiculis
671 1733 707 1767 in
738 1740 907 1768 truncum
932 1729 1178 1766 confluentem
1195 1758 1204 1772 ,
1233 1730 1294 1778 qui
1313 1729 1462 1779 perinde
1479 1728 1516 1766 in
1534 1730 1693 1779 aliquam

85 1785 160 1823 fere
186 1798 328 1824 caveam
351 1788 522 1826 seeretum
548 1789 741 1826 humorem
764 1789 976 1826 effunderet.
1041 1788 1112 1825 bed
1137 1789 1246 1825 etiam
1276 1790 1411 1824 arteriae
1445 1789 1619 1826 viscerum
1645 1789 1695 1826 se-

90 1847 335 1882 cretoriorum
353 1859 419 1896 pro
438 1850 606 1895 portione
628 1849 744 1886 multo
764 1850 918 1896 majores
953 1847 1033 1884 sunt
1055 1849 1073 1893 (
1092 1843 1150 1898 ιι)
1171 1874 1184 1891 ,
1216 1847 1352 1885 eaedem
1376 1848 1593 1884 robustiores
1605 1848 1692 1895 (ac),

90 1904 125 1940 &
160 1904 325 1941 rec'tiores
364 1909 417 1954 (y
437 1907 466 1951 ).
531 1906 582 1942 Ex
607 1907 660 1943 bis
685 1909 819 1944 arteriis
841 1905 971 1955 inpulsi
1005 1906 1176 1942 humores
1207 1918 1272 1954 per
1305 1906 1430 1943 dusius
1462 1908 1691 1945 excretorios

87 1962 192 1999 facile
226 1965 480 2013 continuoque
507 1965 709 2008 transeunt,
734 1968 769 2002 in
801 1977 885 2002 rene
913 1963 1174 2013 expediuffime
1193 1993 1202 2007 ,
1237 1965 1273 2000 in
1305 1964 1438 2013 hepate
1476 1963 1660 2004 difficilius
1679 1995 1689 2010 ,

89 2022 148 2058 sed
179 2022 358 2059 transeunt
380 2033 499 2060 tamen
535 2024 592 2070 (z
612 2029 637 2069 ).
687 2026 818 2073 Neque
842 2025 982 2061 acinosa
1014 2023 1146 2061 fabrica
1166 2037 1184 2061 a
1216 2023 1405 2061 visceribus
1434 2025 1556 2069 abest,
1593 2027 1629 2062 in
1660 2038 1696 2064 a·

88 2081 144 2118 liis
170 2082 318 2130 quidem
348 2083 560 2120 animalibus
589 2085 818 2122 manifestior.
877 2083 916 2120 ln
942 2084 1086 2120 renibus
1114 2083 1262 2121 humani
1287 2084 1380 2122 fetus
1405 2085 1521 2133 (a),
1551 2086 1588 2123 &
1613 2086 1694 2134 plu-

87 2142 265 2178 rimorum
301 2141 508 2180 animalium
525 2171 536 2186 ,
578 2144 623 2181 de
656 2145 807 2193 oviparo
834 2155 966 2192 genere
986 2171 994 2185 ,
1023 2143 1274 2194 piscibusque,
1299 2143 1417 2182 lobuli
1441 2144 1620 2183 cellulosae
1644 2153 1694 2182 te-

939 2201 966 2239 B
999 2201 1021 2238 b
1051 2202 1072 2238 b
1120 2214 1143 2241 2
1650 2205 1692 2244 1ae

176 2254 241 2290 (t)
268 2253 338 2283 1de
373 2265 467 2293 μω).

172 2296 244 2330 (u)
271 2293 360 2325 Cozrf
384 2296 479 2326 etiam
504 2297 740 2330 SAUVAGES
768 2299 858 2329 Mem.
881 2300 915 2327 de
941 2298 1057 2327 I’Acad.
1085 2298 1118 2327 de
1135 2300 1206 2330 Berl.
1238 2309 1325 2339 1755.
1347 2312 1365 2341 p
1390 2312 1439 2339 43.

172 2336 239 2370 (x)
265 2336 461 2367 Pau-sen
491 2340 510 2369 1.
532 2351 558 2371 c.
581 2351 609 2370 n.
640 2350 686 2379 ³2·
716 2339 1074 2370 WINTnixcl-xtim
1107 2340 1126 2370 l.
1148 2351 1174 2373 c.
1204 2352 1233 2382 p.
1255 2352 1325 2373 210.

175 2377 244 2414 (y)
271 2378 477 2409 Pau-scas
502 2382 519 2409 l.
541 2392 568 2412 c.

169 2419 239 2453 (z)
265 2417 359 2450 Conf.
384 2419 418 2450 L.
447 2420 480 2451 H.
512 2434 536 2460 p.
569 2435 615 2457 99.

168 2461 184 2494 (
197 2460 244 2495 a)
273 2460 300 2491 H
315 2471 334 2491 Α
347 2472 368 2493 R
380 2472 400 2493 v
415 2473 454 2494 ει
475 2465 509 2494 de
526 2471 653 2503 generat.
680 2466 796 2497 animal.
822 2467 943 2502 fixerat.
970 2474 1013 2504 55.
1034 2473 1062 2503 p.
1084 2467 1149 2496 186.
