1968 2706
419 160 663 203 morus
736 148 1284 200 PRO'GRESSIVUS.
1596 170 1673 213 343

57 264 136 303 satis
166 260 346 312 ejusmodi
376 260 602 311 tempuscula
631 258 879 305 definiuntur,
913 258 1033 295 multo
1063 263 1185 295 tamen
1214 258 1328 306 majus
1347 251 1504 308 spatium
1532 257 1570 296 in
1593 259 1672 299 bra·

60 326 147 364 chio
176 323 311 362 absolvi
341 322 416 359 vidi
441 348 453 367 ‚
493 320 581 358 dum
606 331 738 357 vocem
762 318 915 356 duarum
947 317 1161 368 syllabarum
1190 319 1485 369 pronuntiabam.

146 383 323 421 Eamdem
346 382 420 419 fere
450 381 671 420 celeritatem
699 380 736 415 in
765 390 895 416 venam
926 390 1050 415 cavam
1071 378 1248 416 transtulit
1277 371 1444 430 Jacobzcs
1472 377 1495 429 J
1508 392 1532 417 u
1551 393 1572 418 R
1589 392 1664 425 1N,

61 442 207 492 eJ‘usque
235 440 415 491 sanguinis
446 446 678 478 momentum
706 439 933 487 comparavit
955 438 1154 476 duodecim
1183 438 1282 476 libris
1306 468 1315 482 ,
1349 439 1438 478 infra
1467 440 1668 478 secundum

64 504 245 540 minutum
271 514 337 551 per
359 502 504 539 unciam
533 500 643 536 motis
678 495 770 547 (r).
834 497 938 536 Idem
965 527 974 542 ,
1003 501 1040 536 in
1073 498 1253 547 pulmone
1281 500 1400 538 minus
1435 508 1668 539 momentum

63 563 172 605 fecit,
206 568 246 599 ut
268 561 429 600 celeritas
453 559 608 602 eadem,
635 558 781 608 pondus
808 565 951 596 motum
980 558 1187 608 quadruplo
1221 560 1341 597 minus
1371 561 1478 600 foret,
1532 559 1587 599 Ex
1611 560 1666 599 his

65 623 216 671 quidem
241 620 412 658 mensuris
447 620 609 658 'celeritas
637 619 819 667 sanguinis
850 618 972 656 venosi
995 648 1004 662 ,
1037 619 1080 656 ad
1108 619 1333 657 mediocrem
1366 620 1546 671 sanguinis
1569 628 1667 660 arte-

65 681 147 719 riofi
181 680 425 722 celeritatem,
450 680 524 717 fere
546 679 717 729 subtripla
740 678 842 716 fieret
875 679 924 726 (5
943 679 972 725 ).

186 738 320 788 Longe
352 740 436 779 alias
457 738 639 778 mensuras
663 739 723 776 alii
753 739 1032 787 proposuerunt.
1095 735 1257 778 Fuerunt
1289 738 1346 778 Cl.
1372 741 1437 777 viri
1474 740 1575 787 (t),
1604 741 1668 790 qui

67 799 225 839 arteriosi
257 798 439 848 sanguinis
477 806 716 837 momentum
759 806 945 847 tamquam
988 799 1112 837 vivum
1156 807 1299 836 motum
1340 829 1349 843 ,
1398 812 1445 838 ex
1476 799 1665 838 celeritatis

68 860 241 911 quadrato
263 861 300 896 in
333 857 478 897 massam
510 859 621 897 duffio
650 859 888 902 aestimarunt,
914 857 1038 896 venofi
1055 887 1064 902 ‚
1102 866 1287 908 tamquam
1304 872 1322 896 a
1353 864 1498 897 mortua
1525 860 1670 909 pressio-

68 933 113 958 ne
138 920 202 958 asti
233 948 243 963 ‚
273 931 319 956 ex
348 919 541 957 velocitate
566 917 748 968 simplici,
775 918 813 954 in
841 918 1006 956 eamdem
1032 916 1176 956 massam
1207 918 1326 956 dueta.
1387 918 1555 967 Verum,
1587 919 1611 956 fi
1632 932 1665 956 11-

68 979 230 1030 triusque
245 985 368 1017 motus
390 979 490 1017 causa
507 977 546 1017 in
565 978 676 1016 corde
704 977 725 1026 (
743 978 795 1025 ιι)
815 979 866 1016 est
881 1005 891 1025 ‚
921 991 995 1017 non
1016 980 1152 1027 poterit
1176 977 1243 1017 alia
1265 980 1301 1016 in
1329 979 1460 1018 venosa
1477 1008 1486 1023 ,
1506 992 1614 1030 quam
1635 980 1672 1016 in

70 1041 236 1079 arteriosa
264 1039 446 1077 celeritate
473 1038 677 1076 definienda
705 1038 869 1076 mensura
898 1039 1074 1077 adhiberi.

189 1100 338 1139 Deinde
366 1093 509 1152 Jacobz'
538 1097 662 1136 KRH,
691 1098 850 1135 calculos
871 1100 1076 1136 omittimus
1093 1127 1102 1141 ‚
1129 1099 1329 1137 enormiter
1351 1099 1386 1134 in
1403 1099 1597 1149 privilegiis
1617 1112 1674 1137 ar»-

71 1159 192 1198 teriofi
219 1160 402 1208 sanguinis
422 1159 578 1196 liberalis
594 1156 682 1195 viri:
709 1169 819 1206 quem
845 1156 868 1193 fi
893 1159 1125 1207 sequeremur
1141 1187 1150 1201 ‚
1180 1157 1324 1207 sanguis
1355 1161 1392 1196 in
1421 1171 1595 1197 venarum
1620 1172 1676 1197 ca-

74 1220 259 1268 pillarium
279 1218 323 1256 ad
339 1226 461 1268 portas
487 1215 753 1268 pertinentibus
768 1213 914 1255 ramulis
946 1224 1125 1270 14513es
1155 1219 1170 1260 (
1189 1217 1248 1266 x)
1275 1220 1407 1257 lentIus
1430 1231 1538 1269 quam
1553 1221 1588 1257 in
1617 1232 1677 1257 arv·

75 1280 160 1316 teria
191 1279 425 1316 mesenterica
454 1278 597 1320 flueret,
629 1278 664 1314 ἃ
695 1280 786 1314 intra
812 1276 996 1315 minutum
1027 1280 1185 1327 primum
1211 1278 1273 1315 vix
1294 1279 1398 1329 supra
1420 1279 1552 1316 lineam
1584 1280 1682 1317 deci-

76 1339 208 1375 malem
224 1367 232 1381 ‚
259 1340 370 1388 inque
383 1338 472 1376 hora
488 1350 564 1376 non
581 1339 682 1389 supra
701 1337 758 1373 sex
778 1335 929 1385 pollices
947 1344 1172 1386 percurreret
1193 1367 1202 1380 ,
1222 1339 1329 1376 etiam
1347 1337 1372 1386 fi
1397 1339 1617 1376 celeritatem
1632 1352 1684 1376 ar-

76 1399 172 1435 teriae
201 1398 445 1436 mesentericae
470 1406 577 1437 nortae
605 1396 790 1434 velocitati
819 1409 943 1445 parem
973 1397 1119 1435 faceres.
1173 1397 1277 1434 Idem
1310 1405 1432 1437 tamen
1465 1400 1517 1436 vir
1555 1398 1611 1437 Cl.
1649 1400 1687 1436 in

77 1459 201 1495 arteria
228 1469 391 1507 venaque
424 1459 523 1496 socia
545 1458 700 1496 effiuxus
728 1459 862 1507 reperit
891 1455 957 1494 effe
985 1459 1036 1494 uti
1074 1469 1117 1504 ¹5
1153 1458 1189 1494 &
1223 1465 1272 1501 6,
1310 1458 1346 1495 δε
1376 1459 1480 1496 valde
1517 1458 1689 1508 probabi·

78 1517 149 1555 lem
178 1524 275 1555 certe
300 1519 478 1555 rationem
514 1516 654 1555 invenit
687 1514 772 1566 (y).

200 1576 259 1615 Cl.
289 1577 443 1626 Collega
474 1578 592 1615 noster
617 1571 830 1630 Stephanus
863 1575 1024 1614 HALEs
1056 1588 1102 1613 ex
1127 1576 1215 1615 saltu
1239 1577 1420 1626 sanguinis
1450 1577 1495 1616 de
1530 1577 1691 1615 carotide

81 1637 218 1674 sursum
243 1635 333 1685 pulsi
351 1665 360 1679 ,
393 1649 478 1674 cum
506 1637 593 1674 saltu
613 1637 657 1675 de
689 1648 775 1673 vena
806 1636 961 1684 jugulari
985 1644 1199 1685 comparato
1219 1666 1228 1680 ‚
1247 1644 1440 1687 utramque
1460 1637 1693 1675 velocitatem

81 1698 200 1734 metiri
233 1696 389 1743 maluit,
417 1698 649 1746 reperitque,
679 1708 762 1734 cum
797 1708 842 1733 ex
867 1695 1028 1733 carotide
1056 1696 1159 1733 saltus
1184 1697 1279 1734 foret
1310 1698 1446 1746 pedum
1473 1699 1636 1747 quinque
1658 1700 1695 1734 Sc

82 1758 270 1794 unciarum
298 1756 454 1793 totidem
484 1781 496 1804 ,
536 1754 571 1792 in
603 1768 691 1793 vena
732 1755 843 1793 sodali
879 1755 1099 1807 tredecuplo
1133 1756 1206 1793 fere
1233 1758 1436 1799 minorem,
1469 1760 1501 1795 ἃ
1535 1760 1698 1807 quinque

84 1816 156 1855 fere
177 1816 366 1853 unciarum
401 1827 485 1853 cum
506 1815 667 1853 dimidia
693 1815 794 1853 fuisse
823 1812 914 1865 (z).
965 1814 1103 1852 Verum
1129 1815 1232 1853 saltus
1256 1817 1406 1866 quidem
1427 1817 1472 1854 de
1499 1829 1589 1856 vena
1620 1818 1698 1865 plu-

85 1877 218 1913 rimum
244 1886 263 1911 a
292 1873 437 1915 laxitate
470 1876 545 1923 ejus
576 1874 661 1911 valis
687 1877 863 1912 minuitur
882 1904 892 1918 ‚
918 1874 1020 1924 quod
1051 1874 1216 1922 sanguini
1247 1878 1361 1924 magis
1389 1877 1517 1919 cedit,
1541 1878 1575 1914 <Sc
1598 1878 1698 1914 cele-

86 1935 200 1972 ritatis
224 1933 439 1982 portionem
463 1935 501 1970 in
531 1930 784 1971 dilatationem
814 1934 914 1972 suam
943 1931 1149 1976 consumit,
1182 1947 1268 1972 cum
1294 1936 1429 1972 arterIae
1461 1935 1608 1974 firmitas
1633 1948 1696 1974 co-

87 1994 250 2031 lumnam
285 1991 517 2041 sanguineam
551 1994 751 2032 contineat.
800 1994 890 2031 Non
911 1994 1063 2032 dubium
1085 1993 1133 2030 est
1149 2023 1158 2038 ,
1183 1995 1274 2046 quin
1300 1994 1345 2032 de
1370 1994 1554 2034 metallica
1580 1996 1696 2046 cylin-

88 2054 154 2092 dro
181 2063 274 2103 aqua
296 2052 403 2091 altius
422 2081 432 2097 ,
455 2065 566 2103 quam
589 2052 634 2091 de
656 2053 931 2093 membranacea
961 2051 1131 2104 prosiliat.

1601 2114 1697 2153 Mihi

175 2218 241 2253 (r)
266 2215 381 2259 Diffirt.
407 2228 438 2257 p.
460 2225 510 2255 48.

172 2261 237 2295 (5)
259 2259 289 2289 Si
310 2260 480 2292 mensuram
503 2271 532 2299 p.
546 2270 612 2298 344.
627 2260 742 2293 dietam
766 2259 940 2300 recipimus.

173 2301 208 2376 {t
221 2303 243 2377 ))
256 2301 283 2330 K
297 2310 371 2333 auc
385 2312 402 2331 E
413 2312 435 2334 R
457 2302 623 2342 physiologia
645 2315 674 2335 n.
692 2314 723 2334 ιι
734 2315 760 2335 2.
790 2304 871 2342 seqq.
897 2303 926 2333 N
938 2314 948 2332 1
963 2312 980 2332 c
995 2312 1015 2333 ο
1026 2312 1044 2332 ι
1056 2312 1076 2332 Α
1097 2312 1121 2335 U
1134 2314 1163 2335 M
1183 2300 1355 2345 [uffih'age.

198 2352 218 2370 u
264 2352 292 2381 p.
323 2352 390 2379 324.

175 2383 248 2420 (x)
269 2388 313 2416 De
335 2382 487 2424 ficretione
513 2397 542 2426 p.
563 2396 611 2422 93.

176 2426 245 2461 (y)
270 2429 313 2456 De
346 2428 375 2455 vi
395 2430 484 2458 corais
503 2439 530 2468 p.
551 2438 596 2466 53.
623 2427 760 2464 JURtN
791 2428 853 2459 [iiis.
876 2440 905 2469 p,
932 2433 981 2466 42⁶,¹

173 2468 241 2502 (z)
274 2468 437 2508 Haemnstnc.
463 2482 491 2510 p.
519 2479 567 2503 27.
593 2481 637 2509 55,
