1968 2706
496 131 733 173 Morus
794 128 1351 172 PROGRESSIVUS.
1643 143 1723 181 πῖ

107 246 196 276 eum
228 227 362 274 {odem
387 231 458 270 iau
487 229 525 268 δι
545 230 670 268 arteria
701 228 842 278 pertusa
876 226 995 266 fuisset
1014 255 1025 272 ‚
1065 228 1103 265 &
1134 238 1223 265 vena
1245 252 1255 270 ‚
1296 232 1405 277 atque
1434 224 1484 266 ex
1517 229 1645 267 arteria
1680 231 1720 269 in

106 307 238 341 venam
264 295 356 332 liber
382 296 607 330 commeatus
637 295 805 341 pateret,
835 299 925 325 vena
951 299 992 325 ea
1019 287 1056 324 in
1080 287 1163 326 sede
1191 299 1290 324 mere
1315 288 1491 326 intumuit
1520 289 1647 337 (Ν).

106 343 112 348 “
195 355 326 404 Neque
347 352 500 390 dubium
530 348 602 392 est,
632 348 727 386 hanc
756 349 855 395 vim,
880 358 950 398 qua
976 348 1114 386 arteriae
1147 345 1320 396 preffioni
1357 346 1494 387 laterali
1528 345 1717 396 restitum,

106 415 256 465 ejusque
281 412 447 450 effe-tium
477 407 724 457 conpensant,
755 408 882 457 utique
915 408 1039 456 magni
1069 408 1252 444 momenti
1281 405 1359 446 esse.
1411 407 1483 446 Etsi
1521 411 1621 446 enim
1655 421 1716 459 pa.

106 487 189 514 rum
215 481 275 511 aut
297 470 412 510 craffae
443 468 540 506 fibrae
569 468 675 512 sunt,
707 477 767 505 aut
792 468 915 505 multae
945 465 1000 520 (t
1018 467 1062 516 )‚
1092 478 1172 517 quce
1200 465 1441 506 musculosam
1461 475 1601 518 partem
1627 476 1717 509 arte-

106 536 168 572 riae
203 533 451 572 constituunt,
488 527 549 566 etsi
569 528 660 565 lenis
691 528 891 565 contratiio
917 527 1078 571 videtur,
1104 539 1176 576 qua
1207 528 1334 565 arteria
1370 528 1404 567 se
1442 528 1480 565 in
1513 530 1597 567 vivo
1634 532 1715 568 ani-

106 594 201 633 male
240 593 358 641 digito
393 589 563 627 subducit
594 588 654 635 (u)
674 617 684 632 ,
718 588 790 637 ipsa
814 595 935 626 tamen
950 587 1149 637 longitudo
1177 587 1338 625 inmensa
1353 599 1442 626 arete
1469 588 1680 629 musculosa]
1701 617 1714 636 ,

106 665 188 704 quae
230 653 275 690 ad
310 651 452 689 arterias
476 650 661 697 pertinet,
682 659 806 685 earum
834 648 1008 686 fibrarum
1042 649 1254 698 parvitatem
1274 648 1496 698 compensat.

203 712 427 750 Grandiores
447 707 543 745 enim
565 710 700 746 arteriae
728 720 855 746 omnes
872 738 881 752 ,
906 708 952 746 ad
977 720 1034 745 eas
1070 707 1207 758 usque,
1241 719 1323 757 quae
1351 708 1447 746 sexta
1475 709 1578 748 lineae
1614 719 1714 760 parte

103 773 121 823 (
137 775 196 818 κ)
226 785 301 810 non
316 772 462 808 latiores
484 769 584 811 iiiut,
611 769 735 817 utique
753 769 903 806 unicum
918 768 1145 806 constituunt
1166 768 1387 805 continuum
1411 794 1422 814 ‚
1439 768 1683 809 musculosum
1701 801 1710 815 ,

103 833 298 877 tubum‚a
326 829 438 868 corde
471 828 515 865 ad
530 829 689 865 aultimos
728 828 836 876 hujus
877 828 1044 866 diametri
1080 839 1199 866 ramos
1238 827 1429 865 extensum
1456 856 1465 871 ‚
1506 831 1569 878 qui
1606 832 1713 868 tubus

103 903 128 929 a
151 892 271 929 cordis
303 892 338 929 vi
366 889 532 926 dilatatus
556 888 690 926 eodem
706 912 718 932 ‚
741 894 919 938 quantum
932 888 1098 933 videtur,
1123 894 1291 937 tempore
1315 887 1348 927 se
1364 888 1492 932 arc‘tat,
1513 889 1549 926 &
1572 889 1715 940 sangui-

103 963 188 989 nem
216 950 404 1000 propellit.

190 1010 322 1059 Neque
350 1010 425 1057 ejus
446 1007 708 1047 contrattionis
738 1003 811 1045 vim
835 1006 943 1045 video
975 1006 1189 1055 sanguinem
1219 1014 1429 1058 retroagere
1449 1006 1528 1060 (y)
1551 1038 1560 1052 .
1594 1017 1634 1047 ut
1661 1011 1715 1049 di-

102 1069 214 1107 midia
236 1072 311 1118 ejus
341 1071 496 1117 potestas
527 1070 566 1106 in
599 1080 645 1106 eo
667 1096 676 1111 ,
701 1067 923 1110 frustranw,
955 1074 1092 1104 conatu
1127 1066 1371 1107 consumatur.
1435 1070 1532 1107 Nam
1569 1070 1715 1119 globuli

102 1137 201 1168 certe
221 1131 320 1168 rubri
337 1140 503 1166 ranarum
516 1157 525 1172 ,
542 1129 754 1178 priusquam
775 1126 969 1165 morbosus
984 1126 1092 1163 status
1113 1127 1255 1164 accessit
1269 1157 1277 1170 ‚
1297 1130 1407 1167 unice
1421 1129 1590 1178 legitimo
1609 1137 1713 1168 motu

103 1198 231 1227 contra
259 1190 337 1227 vasa
367 1190 510 1226 minora
541 1188 804 1240 propelluntur
840 1187 956 1236 (z),
993 1197 1069 1236 quo
1105 1187 1173 1224 iter
1201 1199 1265 1236 per
1291 1199 1397 1225 venas
1441 1189 1602 1227 liberum
1625 1190 1674 1226 est
1701 1218 1711 1233 ‚

100 1261 272 1299 novaque
297 1263 315 1287 a
335 1248 446 1286 corde
468 1246 663 1286 succedens
679 1247 775 1285 unda
793 1247 923 1300 procul
943 1246 1058 1284 dubio
1079 1247 1300 1291 intercedit,
1328 1260 1375 1286 ne
1390 1247 1432 1285 ad
1457 1260 1519 1286 cor
1535 1261 1579 1286 ex
1602 1250 1636 1286 vi
1661 1261 1713 1287 ar-

101 1309 244 1347 teriosae
266 1309 528 1349 constrictionis
553 1308 695 1357 sanguis
724 1315 891 1346 retroeat.
949 1306 1062 1345 Causa
1090 1336 1101 1351 ,
1130 1319 1241 1356 quare
1266 1307 1313 1346 de
1336 1308 1477 1346 arteriis
1506 1308 1649 1357 sanguis
1668 1308 1713 1347 ad

101 1379 169 1406 cor
203 1381 279 1406 non
306 1370 453 1410 redeat,
478 1368 528 1405 est
561 1369 598 1404 in
627 1368 788 1405 arterioii
809 1368 1002 1417 systematis
1031 1366 1076 1403 ad
1108 1366 1398 1405 contractionem
1425 1367 1679 1406 sollicitatione
1701 1397 1710 1412 ‚

99 1439 182 1478 quae
208 1441 286 1466 non
313 1429 433 1466 subito
457 1429 495 1465 in
520 1435 602 1465 toto
630 1440 675 1465 eo
705 1428 889 1477 systemate
917 1453 929 1472 ,
957 1427 1070 1463 unico
1093 1427 1130 1464 in
1155 1428 1419 1476 tempusculo‘,
1443 1427 1561 1465 sedin
1590 1430 1714 1466 multis

101 1488 336 1537 tempusculis
355 1488 396 1525 fit
417 1514 429 1531 ‚
459 1500 539 1537 quae
566 1500 612 1525 ex
642 1487 773 1526 ordine
812 1486 876 1524 fibi
906 1486 1135 1530 succedunt,
1177 1494 1218 1524 ut
1248 1500 1287 1524 ea
1317 1499 1396 1536 pars
1426 1488 1542 1537 prima
1574 1487 1714 1526 sollici-

101 1551 196 1583 tetur
212 1573 224 1591 ,
251 1560 331 1597 quae
357 1546 459 1584 cordi
487 1547 535 1583 est
556 1549 785 1585 contermina
802 1576 811 1589 ‚
836 1546 992 1589 deinde,
1026 1551 1064 1582 ut
1090 1546 1313 1594 sequuntur,
1341 1545 1467 1583 senfim
1494 1545 1712 1585 remotiores

100 1617 121 1642 a
150 1607 262 1644 corde
288 1607 427 1645 atteriae
451 1607 644 1656 particulae.
691 1606 785 1645 Inde
806 1606 869 1650 fit,
905 1614 944 1645 ut
979 1606 1096 1654 prima
1131 1607 1395 1651 contrahatur,
1420 1606 1624 1657 eademque
1649 1620 1717 1659 po-

1575 1667 1724 1705 tentiffi-

181 1780 269 1817 (s*)
298 1778 411 1820 Olfi’rv.
433 1779 501 1818 osia
527 1782 621 1813 saciet.
645 1788 676 1814 at
697 1782 790 1814 Lond.
811 1791 841 1815 n.
870 1791 893 1813 1.
917 1792 945 1821 p,
975 1789 1042 1820 340.

180 1823 246 1857 (t)
267 1822 302 1853 L.
320 1823 362 1852 ll.
385 1833 414 1861 p.
433 1826 482 1852 60.
503 1830 551 1858 64.

178 1867 223 1901 (u
245 1866 259 1900 )
283 1866 338 1894 Sur
364 1865 386 1892 le
409 1870 587 1893 mouvement
607 1862 745 1904 duslmg.
772 1874 840 1902 exp.
865 1874 914 1900 44.
950 1874 993 1903 50.
1023 1863 1186 1893 anrtjs
1212 1861 1290 1901 Expi
1316 1874 1343 1892 2.
1375 1863 1497 1905 Nempe
1524 1864 1604 1897 adeo
1636 1865 1712 1897 lenis

98 1903 123 1935 is
147 1905 265 1935 arteria:
283 1907 419 1935 dilatatae
441 1908 468 1934 ὅς
488 1905 664 1935 subsidentis
687 1915 790 1937 motus
814 1904 855 1934 est
875 1926 883 1939 ,
911 1912 945 1936 ut
972 1906 1049 1944 saepe
1070 1904 1171 1935 nullus
1191 1904 1349 1942 adpareat.

180 1949 250 1984 tx)
267 1948 322 1978 Sur
341 1949 364 1976 le
384 1954 563 1976 mouvement
589 1948 629 1977 du
642 1946 717 1986 Jinzg
739 1949 816 1986 Exp.
840 1955 888 1982 46.
912 1947 999 1977 Ultra
1020 1946 1205 1976 exteriorem
1229 1945 1440 1977 intestinorum
1460 1948 1596 1978 tunicam
1609 1949 1713 1986 pulsus

99 1997 164 2017 non
185 1988 327 2026 procedit
349 1999 410 2018 xan
425 1988 485 2017 den
497 1987 602 2017 Bosde
625 1990 758 2028 viv.corp.
784 1990 861 2019 lium.
879 1986 967 2027 solid.
995 1987 1075 2027 Exp„
1093 1999 1120 2026 9.
1157 1985 1232 2016 Non
1244 1986 1375 2017 omnino
1398 1999 1499 2027 a’quus
1518 1997 1663 2020 caeterum
1684 1989 1714 2020 in

97 2039 148 2059 me
173 2029 233 2059 fuit
250 2027 297 2060 C1.
323 2030 398 2059 olim
417 2028 534 2059 amisus
553 2029 654 2059 noster
671 2051 679 2063 ,
693 2031 744 2068 qui
760 2029 1009 2061 contractionem
1028 2030 1209 2060 arteriarum
1232 2041 1249 2056 a
1261 2039 1310 2058 me
1327 2032 1433 2069 negari
1454 2031 1568 2070 scripnt
1587 2053 1594 2065 ‚
1612 2030 1648 2061 iis
1674 2032 1712 2061 ad

97 2076 199 2100 totam
223 2071 365 2102 arteriam
393 2071 546 2101 translatis
560 2092 567 2104 .
588 2081 656 2109 quae
677 2072 714 2102 de
734 2070 905 2102 minoribus
931 2071 1054 2102 ramulis
1069 2071 1179 2109 scripti.
1211 2070 1326 2110 Almag.
1350 2082 1379 2110 p.
1402 2083 1436 2107 23
1443 2086 1469 2107 9.
1493 2083 1523 2103 n.
1554 2083 1623 2108 144.

181 2113 253 2150 (y)
277 2113 326 2144 Ita
343 2111 454 2143 docuit
474 2112 518 2142 vir
542 2112 590 2143 Ill.
619 2114 718 2142 Petrus
739 2114 919 2144 ANTomus
947 2112 1207 2144 chHELoTTUS
1227 2114 1247 2142 l.
1266 2122 1293 2143 c.
1319 2124 1349 2152 p.
1365 2125 1412 2151 εις.
1433 2122 1468 2145 ut
1489 2113 1708 2145 nihilomnino

98 2153 279 2184 arteriarum
299 2153 474 2184 contractio
498 2154 613 2184 viribus
637 2154 811 2193 sanguinem
838 2154 1094 2194 promoventibus
1124 2154 1260 2184 adderet.
1304 2155 1362 2185 Sed
1398 2156 1492 2187 etiam
1523 2155 1709 2187 Clariffimus

98 2194 238 2226 Suam
252 2205 291 2225 113
305 2203 351 2226 Ek
377 2216 385 2230 ,
412 2194 465 2234 qui
485 2203 628 2226 caeterum
653 2197 689 2226 de
712 2197 893 2228 succedente
916 2196 968 2226 fibi
991 2196 1023 2226 in
1036 2193 1126 2227 variis
1150 2195 1270 2226 arteriae
1291 2198 1425 2236 partibus
1450 2197 1607 2238 sanguinis
1621 2203 1711 2228 motu

98 2236 257 2266 nobiscum
281 2236 392 2267 sentit,
416 2237 589 2276 cylindrum
612 2244 714 2269 tamen
736 2238 889 2279 sanguinis
915 2237 1076 2269 dimidiam
1097 2259 1106 2275 ‚
1134 2241 1163 2269 ὃ(
1196 2238 1227 2268 in
1246 2236 1416 2269 minoribus
1439 2240 1512 2269 vasis
1536 2237 1685 2275 majorem
1708 2255 1716 2271 2

98 2278 138 2307 ad
160 2288 214 2308 cor
234 2278 342 2317 repelli
364 2278 487 2317 scripfit.
512 2277 663 2319 Alnmgfi.
686 2291 713 2319 p.
736 2293 806 2316 240·
844 2281 933 2311 Adeo
956 2282 1085 2312 alienam
1110 2289 1127 2309 a
1152 2289 1227 2310 vero
1253 2281 1330 2310 hanc
1350 2281 1568 2319 peristalticam
1593 2280 1708 2310 succes-

98 2318 214 2349 sionem
243 2326 343 2350 motus
364 2321 501 2351 arteriosi
526 2322 623 2351 credit
653 2321 701 2353 Cl.
732 2324 749 2353 S
763 2334 808 2352 ne
821 2335 837 2354 n
854 2335 871 2353 Β
886 2334 902 2354 E
916 2333 937 2352 A
952 2334 995 2355 ui:
1009 2342 1017 2356 ‚
1040 2328 1074 2353 ut
1093 2327 1252 2361 tamquam
1275 2331 1458 2364 argumento
1481 2324 1519 2354 ad
1547 2322 1707 2354 absurdum

96 2367 210 2391 contra
231 2361 297 2391 vim
320 2361 421 2391 cordis
432 2370 537 2392 utatur
559 2364 689 2401 Primis).
714 2364 886 2397 affrae-'iiie
915 2375 943 2404 p.
968 2376 1036 2401 2c4.

187 2403 245 2440 (2)
268 2402 306 2447 ,1¹¹
324 2405 466 2434 omnibus
493 2403 709 2444 experim·:2¹.;:'·.-
731 2406 814 2437 nzeiz.
887 2403 891 2407 ’
