1968 2706
499 158 721 201 MOTUS
768 157 1272 199 PROGRESSIVUS.
1617 167 1694 206 163

601 275 636 329 ς.
684 278 702 315 I
719 277 764 317 V.
820 273 943 317 Ramz·
974 274 1183 332 principes.

177 398 323 437 Horum
355 403 523 436 caeterum
545 407 732 433 ramorum
760 398 940 434 maximus
972 397 1019 434 est
1047 396 1222 435 subclavia
1256 392 1410 438 dextraj
1437 407 1518 446 quae
1560 393 1697 434 sursum

93 458 288 496 introrsum
313 453 413 505 (k),
450 456 485 491 &
516 455 627 503 paulo
659 455 740 503 post
778 455 905 493 mechus
949 455 1082 493 surium
1122 455 1324 493 carotidem
1356 455 1409 492 sui
1437 456 1555 492 lateris
1591 455 1698 492 emit-

92 518 135 555 tit
186 511 247 566 l).
294 514 480 552 Subclavia
512 526 621 556 vero,
653 525 732 562 quae
756 515 986 563 peculiariter
1013 515 1086 551 hoc
1123 518 1273 551 nomine
1307 513 1535 563 defignatur,
1568 513 1696 550 senfim

91 575 286 615 inclinata,
316 573 352 609 ἃ.
385 571 576 609 transverfa
611 573 760 610 demum
778 599 788 614 .
821 574 927 622 super
960 574 1173 611 claviculam
1202 571 1334 622 (m),
1361 574 1396 610 &
1425 585 1523 622 pone
1543 570 1580 608 id
1612 584 1653 609 os
1681 601 1692 616 ,

92 635 143 673 sui
169 633 287 669 lateris
309 631 496 668 brachium
533 633 620 669 adit.
672 630 719 668 Ea
749 630 953 678 subclavia,
982 644 1060 681 quae
1088 632 1287 680 angustiori
1315 632 1417 670 sensu
1448 632 1520 669 hoc
1557 642 1694 669 nomen

90 691 277 731 conservat
297 715 309 732 ,
331 689 535 727 finisterIOri
552 691 662 728 sodali
693 690 752 729 sua
778 694 965 741 aliquanto
987 692 1143 738 amplior
1165 691 1216 728 est
1235 698 1253 736 Q
1271 686 1327 739 n)
1346 719 1355 732 ,
1373 692 1481 728 etiam
1499 702 1558 727 me
1575 690 1696 727 obser-

91 756 209 790 vante.
244 749 436 787 Rationem
467 751 582 798 reperi
617 752 670 786 nti
707 762 754 796 35
797 752 845 788 ad'
882 764 964 798 29,
991 752 1026 787 ὃς
1062 753 1112 787 uri
1140 763 1191 797 27
1231 751 1275 787 ad
1315 755 1384 797 25,
1422 750 1531 786 &uti
1568 757 1624 799 24
1650 749 1695 787 ad

92 820 159 848 20.
191 807 244 844 111.
268 806 361 845 SrsN
377 820 400 844 A
415 819 435 844 c
450 820 473 845 u
488 820 504 843 s
524 834 537 852 ,
555 810 717 845 numeris
744 811 823 846 usus
844 812 1039 858 majoribus
1055 835 1067 853 ‚
1087 821 1144 846 eas
1166 811 1320 847 rationes
1345 808 1432 845 fecit
1449 834 1461 851 ‚
1489 817 1528 844 ut
1548 818 1596 851 23
1611 820 1690 853 309

92 869 137 907 ad
163 876 296 911 15129
324 868 373 914 (ο
387 867 421 913 ).
466 866 613 904 Deinde
634 867 709 905 Lel.
730 868 820 905 olim
836 869 858 906 S
873 881 992 906 YLVA
1012 869 1067 921 sp
1085 875 1120 912 i,
1140 867 1309 917 magnam
1334 869 1514 903 rationem
1531 895 1539 908 ,
1559 879 1695 915 nempe

91 928 286 965 diametros
316 925 403 962 fecit
428 927 480 962 uti
509 933 555 968 18
583 925 626 962 ad
663 937 726 974 14.
759 926 796 964 Si
821 928 900 965 satis
944 941 983 965 ea
1010 929 1103 964 ratio
1133 928 1234 966 firma
1264 928 1340 969 est,
1377 927 1409 962 ἃ
1440 926 1601 973 repetitis
1630 937 1695 963 ex-

91 985 302 1036 perimentis
337 983 600 1029 confirmatur‚
627 985 846 1034 intelligitur
866 1013 878 1030 ‚
909 999 1017 1035 quare
1050 987 1223 1025 dextrum
1253 983 1442 1023 brachium
1479 984 1625 1022 homini
1654 983 1694 1021 in

89 1041 296 1082 universum
321 1043 356 1079 &
383 1044 497 1090 majus
520 1069 531 1088 ‚
562 1045 599 1080 &
626 1055 696 1080 una
723 1045 899 1083 valentius
928 1044 968 1082 fit
1000 1037 1123 1098 (q)1’

209 1100 350 1138 Carotis
373 1100 503 1138 finistra
528 1103 564 1139 δι
598 1101 734 1139 sursum
765 1103 998 1151 protenditur
1030 1099 1066 1140 ἃ
1097 1115 1167 1140 una
1203 1103 1440 1141 sinistrorsum
1465 1099 1544 1154 (r)
1571 1129 1583 1147 ‚
1615 1114 1693 1141 non

90 1159 277 1198 evidenter
301 1160 358 1197 sua
389 1159 501 1197 sodali
531 1160 658 1198 dextra
686 1162 809 1199 minor
838 1191 848 1205 ,
876 1163 913 1199 ἃ
950 1163 1066 1209 major
1094 1163 1281 1210 aliquanto
1309 1191 1319 1205 ,
1348 1161 1372 1198 ss
1406 1162 1463 1200 Ill.
1497 1162 1693 1200 SENAct

89 1219 262 1256 menl'urae
288 1219 405 1256 valent
434 1217 506 1268 (ς).
550 1220 729 1258 Caeterum
762 1221 839 1258 satis
874 1221 1108 1268 intelligunt,
1137 1222 1201 1269 qui
1237 1221 1400 1258 multum
1426 1223 1463 1259 in
1497 1220 1692 1259 metiendis

90 1278 265 1315 sartorum
292 1289 371 1314 cera
401 1277 566 1315 vasorum
592 1279 792 1316 luminibus
826 1279 1110 1323 laboraverunt,
1144 1292 1253 1329 quam
1289 1279 1392 1316 facile
1420 1281 1486 1318 hac
1513 1281 1549 1316 in
1578 1290 1691 1327 opera

89 1345 254 1378 erretur,
285 1336 320 1371 &
344 1347 452 1384 quam
475 1348 551 1374 non
572 1335 765 1375 difficulter
785 1338 1328 1388 major.aliquantum1'1phonis
1349 1340 1531 1388 impetus,
1555 1337 1690 1375 autfle-

88 1396 153 1432 xio
185 1393 328 1442 aliqua,
357 1403 418 1431 aut
441 1395 556 1433 laxata
578 1396 747 1433 cellulosa
771 1398 840 1434 tela
869 1397 1081 1446 sanguinem
1110 1399 1147 1434 in
1170 1398 1280 1435 alium
1301 1423 1312 1442 ‚
1349 1397 1506 1438 aliumve
1548 1407 1691 1434 ramum

89 1454 275 1503 potentius
302 1452 419 1490 ducat.

200 1511 387 1549 Subclavia
420 1512 552 1550 finistra
578 1512 679 1550 suum
707 1513 751 1550 ad
778 1515 868 1552 latus
894 1515 1009 1563 magis
1032 1513 1202 1553 inclinata
1231 1513 1416 1552 adscendit
1436 1511 1562 1551 ultima
1587 1508 1692 1564 (t>.'

204 1604 280 1650 Qui
307 1616 420 1653 porro
448 1606 503 1644 his
529 1619 548 1645 a
577 1608 713 1645 truncis
736 1609 826 1645 rami
848 1607 1006 1647 arteriofi
1035 1609 1251 1651 nafcantur,
1272 1620 1337 1645 eos
1364 1614 1513 1657 oportet
1547 1609 1584 1645 in
1611 1608 1690 1644 bra.·

1046 1666 1088 1705 X
1135 1679 1157 1705 2
1597 1666 1689 1704 chiis

86 1809 141 1832 Ru
158 1810 169 1829 s
189 1800 228 1830 ad
260 1798 301 1831 T.
319 1799 449 1833 XXIIL
463 1800 487 1831 B
500 1812 511 1831 1
524 1810 546 1831 1)
557 1811 575 1831 1:
589 1812 608 1831 o
621 1813 643 1832 1.
685 1802 846 1832 fridericus
873 1799 970 1832 Rmr
981 1812 992 1831 s
1006 1811 1022 1830 c
1033 1811 1053 1831 n
1079 1801 1109 1833 in
1133 1801 1212 1840 Epist.
1237 1800 1291 1831 111.
1326 1802 1362 1832 ad
1388 1802 1445 1833 GA
1459 1813 1483 1834 U
1494 1809 1512 1833 Β
1523 1813 1535 1832 1
1547 1810 1572 1833 U
1583 1811 1612 1832 M
1658 1804 1688 1834 ἃ

86 1841 119 1910 iln
139 1838 204 1878 thqsss
226 1840 249 1870 1.
270 1851 299 1879 p.
326 1853 338 1871 1
365 1865 371 1872 .
392 1840 460 1880 thes.¹
482 1842 544 1875 IV.
567 1845 628 1873 tab.
656 1854 679 1879 3.
702 1845 722 1872 f.
750 1855 776 1872 2.
800 1852 828 1877 3.
855 1843 999 1879 Johannes
1021 1843 1146 1883 Baptista
1167 1841 1232 1872 Mo
1246 1851 1329 1874 RGVA
1345 1853 1434 1876 GNU
1449 1854 1460 1873 s
1477 1842 1585 1883 advers?
1604 1849 1684 1874 anat.

106 1904 113 1912 .
132 1892 164 1920 p.
178 1893 223 1915 ¹9·
248 1892 276 1911 n.
302 1890 345 1913 ι6.

171 1923 234 1957 (k)
256 1921 281 1952 C
295 1934 316 1953 A
329 1934 349 1952 N
363 1932 397 1952 τ.
424 1923 443 1951 1.
459 1934 475 1953 c
508 1922 593 1953 Tm
609 1924 698 1954 nostr.
727 1930 791 1954 ton.
807 1934 888 1962 coip.
912 1930 974 1955 ant.

169 1963 231 1998 (l)
260 1964 353 1995 iidem
374 1963 446 1993 ibid.
471 1961 571 2002 Fascic-
587 1964 645 1995 Vl.
657 1965 698 1996 T.
712 1963 735 1995 I.

168 2004 243 2039 (⁷¹²)
263 2007 451 2043 Superclavias
471 2005 548 2035 dixit
573 2005 598 2041 J.
615 2005 640 2034 R
653 2018 662 2035 1
678 2018 697 2037 o
711 2018 729 2037 L
741 2017 762 2036 A
775 2017 830 2038 NU
843 2018 854 2038 s
877 2007 1032 2044 anthropo).
1054 2017 1084 2045 p.
1111 2015 1177 2043 344.
1197 2006 1335 2037 Enchirid
1365 2010 1443 2036 anat.
1463 2007 1542 2044 path.
1562 2017 1591 2046 p.
1608 2014 1682 2042 41'425.v

87 2043 182 2076 Conf.
201 2044 280 2076 Tab.
307 2046 396 2076 nostr.
415 2045 514 2077 fascic.
533 2045 589 2077 VI.
610 2045 635 2076 ἶ.

171 2086 241 2162 ἕηξ
264 2088 443 2157 Ηειῶῑῐτ
460 2098 468 2116 ι
483 2097 503 2117 υ
518 2099 528 2118 s
556 2090 635 2117 lettre
654 2099 693 2119 au
710 2087 789 2128 sujet
819 2091 902 2119 dela
928 2088 1047 2129 critique
1072 2088 1105 2117 de
1126 2087 1171 2119 M.
1194 2088 1245 2119 ΒΕ
1260 2099 1271 2118 s
1286 2099 1325 2119 SE
1353 2099 1384 2128 p,
1411 2093 1479 2119 181.

198 2137 212 2155 ο
261 2130 278 2158 l.
303 2140 328 2159 c.
387 2152 392 2158 .
430 2152 436 2158 .
479 2152 484 2158 .
510 2136 567 2163 246

167 2167 231 2205 (Ρ)
261 2168 357 2200 Traia
380 2171 412 2199 de
433 2139 590 2208 lapsazgne'e
614 2180 642 2208 p.
664 2176 730 2205 189.

141 2247 148 2253 ,
169 2210 237 2247 (q)
258 2210 337 2241 Cum
361 2221 424 2240 non
445 2211 590 2241 robustius
613 2210 701 2241 unice
717 2232 726 2246 ‚
746 2212 796 2242 sed
818 2211 908 2243 etiam
933 2211 1091 2250 aliquanto
1113 2210 1226 2247 majori
1246 2211 1279 2242 sit
1298 2210 1457 2241 volumine
1471 2229 1479 2243 ‚
1495 2221 1559 2242 non
1581 2208 1685 2250 potest

88 2258 191 2295 majus‘
205 2252 297 2282 robur
313 2250 428 2282 brachii
447 2251 543 2281 dextri
570 2263 587 2282 a
614 2250 731 2286 maiore
752 2252 907 2293 sanguinis
929 2253 960 2282 in
986 2252 1127 2283 arteriam
1162 2251 1347 2284 subclaviam
1371 2250 1434 2288 ejus
1452 2253 1552 2284 lateris
1579 2251 1680 2284 mino·-

88 2300 152 2321 rem
184 2292 322 2321 irruentis
344 2291 544 2322 velocitatem
556 2293 706 2332 explicari
734 2297 928 2331 comparative
949 2301 1084 2332 anatomy
1103 2304 1133 2333 p.
1159 2305 1225 2325 uz.

168 2333 238 2368 (r)
262 2331 393 2372 Rcfi‘icul.
413 2336 462 2365 VI.
477 2335 588 2364 iconum
610 2337 784 2365 anatomicar
815 2334 856 2366 T.
878 2334 910 2365 Ι.

167 2372 227 2407 (s)
250 2372 414 2404 Rat³onem
440 2374 557 2405 sintstrae
585 2375 730 2406 caiotidis
757 2376 794 2405 ad
813 2377 951 2409 dextram
970 2376 1045 2408 fecit
1070 2384 1180 2416 23216.
1208 2378 1246 2409 ad
1268 2384 1368 2416 23104
1388 2376 1411 2408 l¹
1429 2386 1460 2407 cf

160 2414 176 2447 (
194 2417 234 2451 t)
254 2412 356 2454 Fufiic.
380 2414 444 2447 VI..
460 2417 595 2448 iconum.
620 2423 699 2447 anat.
717 2416 758 2448 T.
779 2416 801 2449 1,
