1968 2706
398 164 401 165 ⁷
458 146 970 188 DIVERSITATIS
1013 146 1372 188 HUMORUM
1659 149 1745 201 473

139 245 357 294 nigerrimus
397 246 532 293 pariter
559 257 606 282 ex
646 244 802 282 caeruleo
832 244 966 282 humor
1000 244 1172 282 succedit.
1237 242 1281 281 In
1317 244 1520 294 pericardio
1541 274 1550 288 ‚
1583 243 1748 296 pleura³,

136 307 365 356 peritonaeo,
394 305 487 342 fetus
511 305 617 342 rubra
643 315 735 354 aqua
766 304 927 342 abundat
955 333 965 347 ,
1003 316 1084 353 quae
1114 303 1257 342 homini
1282 304 1407 342 adulto
1445 305 1480 342 ἅ
1513 305 1596 343 sano
1630 308 1747 356 pellu-

136 371 205 404 cet.
269 363 312 402 In
338 364 487 402 testibus
515 364 726 413 embryonis
752 362 855 401 sexus
883 363 993 401 virilis
1016 363 1147 415 aquula
1177 362 1328 414 insipida
1350 393 1360 407 ,
1385 365 1542 403 inodora
1560 393 1570 408 ,
1597 367 1746 413 paulum

135 423 285 462 mucosa
300 453 310 468 ‚
326 424 458 474 absque
474 422 718 466 animalculis,
735 422 934 471 parciffima
949 423 1162 475 percolatur
1181 451 1193 467 ‚
1223 425 1283 462 cui
1303 423 1436 464 flavum
1453 424 1719 464 viscidiffimum
1733 456 1743 471 ‚

136 483 254 522 odore
296 482 606 532 penetrantissimo
648 483 808 531 fragrans
838 485 875 520 in
911 484 1037 523 adulto
1076 483 1253 531 animale,
1285 485 1374 522 vivis
1410 485 1569 523 bestiolis
1594 485 1745 534 plenum

134 543 258 581 semen
285 542 455 580 succedit.
520 541 677 581 Perinde
697 544 808 582 etiam
830 545 866 580 in
886 543 1016 592 plantis
1040 545 1266 593 junioribus,
1291 551 1330 582 ut
1353 545 1391 581 in
1420 546 1519 589 vite,
1541 557 1605 595 per
1621 547 1745 583 omnia

135 602 274 640 vascula
303 613 394 651 aqua
420 602 572 651 limpida
600 601 725 640 tranfit
744 615 751 640 :
771 604 807 639 in
830 603 957 641 iisdem
985 602 1228 643 adultioribus
1252 603 1409 643 austerus
1444 605 1480 642 δι
1498 605 1645 643 acerbus
1671 606 1745 643 luc·

133 673 219 704 cus,
249 663 288 698 in
313 667 456 699 maturo
490 673 577 699 vero
618 674 762 700 racemo
801 662 1024 702 dulcissimus
1064 664 1283 714 percolatur.
1346 665 1387 701 ln
1425 663 1616 702 frumentis
1653 677 1745 714 aqua

131 721 254 769 primo
283 720 357 765 est,
377 721 511 759 deinde
544 733 700 766 mucus,
728 732 811 772 quae
837 730 981 761 maturo
1006 725 1044 761 in
1076 726 1197 761 tritico
1233 722 1288 760 lac
1330 724 1419 767 erit,
1445 723 1576 761 deinde
1602 724 1710 761 farina
1733 750 1745 769 ‚

131 779 380 818 inflammabili
409 780 592 818 elemento
610 781 737 830 pleno.
788 780 848 819 De
880 783 1011 830 plantis
1040 783 1200 820 diximus
1242 776 1365 829 (x*)
1392 807 1404 825 ‚
1437 791 1478 820 ut
1509 790 1628 821 tamen
1658 779 1744 822 Ed-

129 835 267 878 mzcndz‘
307 839 590 878 MArzioTTe
618 841 821 879 observatio
854 841 939 879 addi
964 850 1144 881 mereatur
1161 872 1170 885 ‚
1195 843 1233 880 in
1256 841 1466 890 primordiis
1496 855 1628 892 nempe
1643 845 1744 893 plan.-

130 907 247 937 tarum
277 899 434 937 multum
468 899 625 937 lixiviofi
663 900 740 938 salis
768 898 863 944 esse,
890 904 1006 941 acoris
1044 914 1173 951 parum
1199 930 1208 946 ‚
1243 902 1280 938 in
1311 901 1442 939 adultis
1477 901 1638 940 multum
1673 906 1744 941 aci-

129 958 183 997 dae
214 967 348 996 naturae
378 958 492 1006 (κῆ*
505 959 534 1006 ).

212 1018 310 1067 Ergo
326 1017 363 1055 id
390 1020 551 1068 primum
577 995 838 1063 ostendimuffi,
860 1032 980 1070 neque
1005 1022 1040 1058 in
1060 1020 1218 1070 hepate,
1244 1032 1365 1070 neque
1392 1022 1429 1057 iu
1455 1021 1568 1059 oculo
1591 1048 1600 1066 ‚
1622 1033 1743 1072 neque

126 1078 164 1114 in
194 1084 322 1120 utero,
357 1080 532 1126 nequem
556 1091 641 1116 rene
670 1107 677 1121 ,
709 1091 829 1127 neque
852 1081 889 1116 in
916 1080 1088 1118 cellulosa
1119 1081 1210 1126 tela,
1233 1092 1352 1129 neque
1376 1078 1454 1118 ullo
1483 1082 1557 1118 fere
1586 1083 1622 1118 in
1655 1083 1741 1119 colo

125 1136 221 1173 fetus
258 1136 295 1173 &
327 1137 537 1186 embryonis
581 1138 760 1186 ejusmodi
802 1138 950 1176 succum
984 1139 1085 1177 fuisse
1113 1169 1123 1184 ,
1161 1141 1224 1191 qui
1259 1139 1382 1176 similis
1409 1141 1517 1177 etiam
1543 1141 1579 1177 in
1615 1141 1742 1179 adulto

125 1195 281 1234 animale
297 1195 392 1232 idem
419 1207 484 1244 per
509 1197 622 1235 colon
643 1197 848 1245 separetur,
877 1198 1092 1248 &sequaces
1113 1226 1125 1244 ,
1141 1201 1267 1250 suique
1304 1197 1456 1243 similes,
1479 1200 1674 1249 particulas
1697 1200 1743 1239 de

125 1254 308 1303 sanguinis
333 1257 525 1292 communi
555 1255 705 1294 flumine
728 1256 901 1295 adtrahat.

210 1313 302 1351 Non
331 1325 421 1362 ergo
445 1314 584 1353 necesse
618 1316 668 1352 est
693 1315 815 1353 multis
852 1317 1063 1366 inquirere,
1093 1328 1182 1355 num
1211 1318 1303 1356 adeo
1334 1317 1448 1356 fidelis
1477 1316 1648 1356 colorum
1679 1331 1741 1357 cu-

123 1373 237 1411 stodia
269 1372 328 1416 fit,
356 1385 511 1424 veraque
543 1376 713 1424 inprimis
736 1374 809 1413 fide
842 1386 1028 1422 narretur,
1053 1389 1118 1427 per
1147 1377 1268 1415 oleosa
1298 1377 1380 1415 cola
1405 1378 1506 1420 olea,
1525 1389 1589 1426 per
1607 1378 1741 1427 aquosa

123 1445 254 1483 aquarn
281 1432 392 1472 solam
413 1433 569 1472 transire.
634 1434 732 1472 Nam
766 1434 828 1472 etfi
854 1436 961 1481 sunt,
996 1438 1059 1488 qui
1097 1436 1287 1475 adfirment
1315 1437 1396 1487 (y)
1424 1449 1500 1475 non
1531 1436 1659 1476 desunt
1683 1446 1742 1475 ta·-

123 1504 210 1531 men
227 1521 237 1536 ,
263 1494 325 1543 qui
351 1495 528 1532 contraria
563 1501 691 1534 eventa
713 1495 905 1540 viderunt,
933 1494 1171 1546 chartamQue
1201 1497 1286 1536 oleo
1310 1499 1447 1537 ebriam
1470 1507 1604 1547 aquam
1632 1497 1741 1535 traus-

123 1553 268 1590 mittere
295 1549 387 1606 (z)
418 1554 588 1592 testantur
609 1584 619 1598 ‚
649 1555 807 1592 maxime
832 1553 857 1591 fi
891 1556 991 1594 calor
1016 1556 1198 1596 accerserit
1233 1558 1334 1606 (a).

225 1674 259 1715 §-
290 1668 501 1710 XXXH.
550 1667 690 1726 Neque
728 1669 769 1712 in
814 1670 1035 1715 tubulorum
1061 1674 1187 1730 firma
1210 1670 1428 1729 ficbstantia
1457 1683 1652 1715 certarum

611 1729 898 1786 particularum
931 1747 1041 1776 amor
1081 1731 1237 1791 residet.

216 1843 342 1885 Multo
370 1854 470 1885 certo
496 1851 601 1886 etiam
637 1853 757 1888 minus
786 1853 929 1890 admitti
959 1855 1100 1901 potest,
1129 1856 1166 1889 in
1191 1854 1301 1890 firmae
1335 1853 1502 1892 vasorum
1537 1851 1678 1890 fabricae
1703 1855 1738 1891 vi

120 1904 292 1943 adtraeh'li
321 1907 460 1944 causam
490 1908 625 1954 latere,
660 1921 769 1959 quare
803 1910 888 1954 hic,
924 1923 1043 1961 neque
1067 1912 1156 1949 alius
1179 1912 1315 1950 humor
1343 1914 1381 1949 in
1410 1910 1478 1949 suis
1502 1910 1658 1949 definitis
1679 1924 1738 1949 or-

118 1965 222 2014 ganis
254 1977 474 2013 generetur,
500 1979 576 2018 quae
606 1969 732 2007 eadem
759 1982 890 2008 omnes
919 1969 1064 2009 alterius
1081 1971 1217 2009 indolis
1234 1972 1424 2021 particulas
1442 1973 1611 2018 rejiciant.
1645 1972 1737 2009 Nui-

116 2025 195 2064 lum
221 2026 319 2064 enim
349 2028 387 2065 in
421 2039 580 2077 torpore
606 2028 769 2068 humano
801 2030 926 2068 colum
955 2031 1029 2077 est,
1053 2032 1155 2082 quod
1186 2032 1344 2069 eundem
1374 2040 1575 2082 perpetuo,
1616 2043 1735 2079 neque

1625 2089 1735 2128 alium

202 2200 250 2234 (κ
263 2197 309 2231 *δ
326 2208 356 2237 p.
381 2204 448 2233 3⁶2.

202 2241 246 2275 (x
261 2239 276 2258 *
290 2240 306 2258 *
324 2243 337 2275 )
368 2243 409 2271 De
429 2244 457 2272 la
477 2250 593 2282 vegetat.
615 2254 644 2282 pr
673 2251 742 2274 162.

200 2282 267 2319 (y)
293 2280 319 2311 L
330 2291 346 2311 0
365 2292 381 2310 r:-
396 2294 406 2312 s
420 2293 436 2312 c
450 2295 468 2313 H
483 2295 498 2313 ε
512 2295 528 2313 a
558 2284 605 2323 spec
613 2288 662 2316 im.
688 2285 876 2324 anthropolog.
895 2290 1025 2326 experim.
1052 2299 1081 2328 p.
1097 2300 1143 2326 31.

199 2325 266 2357 (z)
294 2325 334 2353 El.
360 2322 385 2354 C
398 2333 416 2352 A
434 2335 462 2354 M
478 2336 492 2354 Ε
508 2336 528 2355 R
542 2337 562 2356 A
578 2337 598 2357 R
610 2338 619 2356 ι
631 2338 655 2358 U
669 2337 680 2357 s
715 2328 743 2357 iu
764 2330 964 2359 temaminihus
992 2340 1022 2368 p.
1042 2340 1110 2367 14⁴·
1125 2332 1198 2364 Phil.
1215 2329 1245 2363 V
1259 2341 1274 2361 r
1289 2340 1308 2360 n
1323 2340 1340 2360 r:
1356 2339 1369 2359 rs
1384 2338 1436 2372 ijs
1449 2340 1466 2358 1}
1497 2327 1529 2359 L.
1557 2328 1589 2359 ,ll
1615 2340 1631 2369 j?
1664 2341 1709 2363 22„

118 2362 146 2395 G
157 2374 174 2395 Ε
185 2373 202 2394 Ε
219 2375 236 2393 L
251 2375 270 2394 Η
283 2375 301 2395 A
315 2375 336 2393 U
350 2374 360 2393 s
378 2375 390 2394 s
404 2375 421 2393 N
455 2368 487 2395 de
498 2367 596 2405 secret.
612 2372 699 2398 anim.
721 2378 751 2398 12.
770 2378 817 2405 27.

199 2406 269 2441 (a)
295 2406 322 2437 H
334 2417 349 2435 ε
362 2417 378 2435 L
391 2418 412 2434 v
427 2417 441 2437 ε
457 2416 480 2436 τ
495 2419 503 2436 ι
520 2419 540 2437 ι]
556 2421 566 2438 s
593 2411 626 2438 de
647 2411 808 2447 ghzmlusar.
829 2410 977 2448 struc‘lura
994 2422 1025 2452 p.
1048 2420 1097 2451 65.

174 2445 324 2492 Haller
354 2445 564 2508 Plzyfiolog.
602 2442 710 2493 Tem.
749 2453 805 2493 ΙΙ.
1260 2457 1296 2496 Ο
1321 2468 1343 2494 0
1368 2469 1392 2495 o
