<?xml version="1.0" encoding="UTF-8"?>
<!DOCTYPE html PUBLIC "-//W3C//DTD XHTML 1.0 Transitional//EN"
    "http://www.w3.org/TR/xhtml1/DTD/xhtml1-transitional.dtd">
<html xmlns="http://www.w3.org/1999/xhtml" xml:lang="en" lang="en">
 <head>
  <title>
</title>
<meta http-equiv="Content-Type" content="text/html;charset=utf-8" />
  <meta name='ocr-system' content='tesseract 3.04.00' />
  <meta name='ocr-capabilities' content='ocr_page ocr_carea ocr_par ocr_line ocrx_word'/>
</head>
<body>
  <div class='ocr_page' id='page_1' title='image "./elementaphysiolo02hall_0463.png"; bbox 0 0 1968 2706; ppageno 0'>
   <div class='ocr_carea' id='block_1_1' title="bbox 417 176 1722 240">
    <p class='ocr_par' dir='ltr' id='par_1_1' title="bbox 417 176 1722 240">
     <span class='ocr_line' id='line_1_1' title="bbox 417 176 1722 240; baseline -0.005 -18"><span class='ocrx_word' id='word_1_1' title='bbox 417 177 939 222; x_wconf 63' lang='grc' dir='ltr'>7ῐΜνΕΚεΙΤΑΤΙε</span> <span class='ocrx_word' id='word_1_2' title='bbox 999 176 1376 240; x_wconf 61' lang='lat' dir='ltr'>HUMOjRUM.</span> <span class='ocrx_word' id='word_1_3' title='bbox 1632 177 1722 228; x_wconf 49' lang='lat' dir='ltr'>447ss</span> 
     </span>
    </p>
   </div>
   <div class='ocr_carea' id='block_1_2' title="bbox 99 272 1735 2394">
    <p class='ocr_par' dir='ltr' id='par_1_2' title="bbox 110 272 1720 498">
     <span class='ocr_line' id='line_1_2' title="bbox 112 272 1718 331; baseline -0.009 -9"><span class='ocrx_word' id='word_1_4' title='bbox 112 285 152 322; x_wconf 70' lang='lat' dir='ltr'>in</span> <span class='ocrx_word' id='word_1_5' title='bbox 173 278 342 320; x_wconf 87' lang='lat' dir='ltr'>folliculo</span> <span class='ocrx_word' id='word_1_6' title='bbox 363 279 598 316; x_wconf 78' lang='lat' dir='ltr'>evanesceret</span> <span class='ocrx_word' id='word_1_7' title='bbox 622 273 733 331; x_wconf 83' lang='lat' dir='ltr'>(g),</span> <span class='ocrx_word' id='word_1_8' title='bbox 762 283 803 314; x_wconf 89' lang='lat' dir='ltr'>ut</span> <span class='ocrx_word' id='word_1_9' title='bbox 823 274 1115 316; x_wconf 82' lang='lat' dir='ltr'>alibi·ostensum</span> <span class='ocrx_word' id='word_1_10' title='bbox 1136 276 1186 312; x_wconf 82' lang='lat' dir='ltr'>est</span> <span class='ocrx_word' id='word_1_11' title='bbox 1202 304 1211 319; x_wconf 92' lang='lat'>,</span> <span class='ocrx_word' id='word_1_12' title='bbox 1241 274 1267 312; x_wconf 88' lang='lat' dir='ltr'><strong>fi</strong></span> <span class='ocrx_word' id='word_1_13' title='bbox 1295 272 1431 313; x_wconf 71' lang='lat' dir='ltr'>clausus</span> <span class='ocrx_word' id='word_1_14' title='bbox 1454 274 1556 312; x_wconf 81' lang='lat' dir='ltr'>foret.</span> <span class='ocrx_word' id='word_1_15' title='bbox 1622 274 1718 314; x_wconf 76' lang='lat' dir='ltr'>Cum</span> 
     </span>
     <span class='ocr_line' id='line_1_3' title="bbox 110 333 1714 389; baseline -0.006 -9"><span class='ocrx_word' id='word_1_16' title='bbox 110 350 236 381; x_wconf 82' lang='lat' dir='ltr'>tamen</span> <span class='ocrx_word' id='word_1_17' title='bbox 272 346 418 389; x_wconf 79' lang='lat' dir='ltr'>apertus</span> <span class='ocrx_word' id='word_1_18' title='bbox 445 337 508 380; x_wconf 84' lang='lat' dir='ltr'>fit,</span> <span class='ocrx_word' id='word_1_19' title='bbox 535 338 570 374; x_wconf 89' lang='lat'>&amp;</span> <span class='ocrx_word' id='word_1_20' title='bbox 594 337 727 375; x_wconf 80' lang='lat' dir='ltr'>ostiolo</span> <span class='ocrx_word' id='word_1_21' title='bbox 754 335 798 373; x_wconf 86' lang='lat' dir='ltr'>ad</span> <span class='ocrx_word' id='word_1_22' title='bbox 816 335 938 374; x_wconf 72' lang='lat' dir='ltr'>sedem</span> <span class='ocrx_word' id='word_1_23' title='bbox 973 333 1041 372; x_wconf 84' lang='lat' dir='ltr'>suae</span> <span class='ocrx_word' id='word_1_24' title='bbox 1064 333 1225 372; x_wconf 78' lang='lat' dir='ltr'>utilitatis</span> <span class='ocrx_word' id='word_1_25' title='bbox 1262 341 1383 385; x_wconf 84' lang='lat' dir='ltr'>pateat</span> <span class='ocrx_word' id='word_1_26' title='bbox 1406 359 1419 381; x_wconf 92' lang='lat'><strong><em>‚</em></strong></span> <span class='ocrx_word' id='word_1_27' title='bbox 1451 337 1614 383; x_wconf 56' lang='lat' dir='ltr'>oportuit</span> <span class='ocrx_word' id='word_1_28' title='bbox 1643 333 1714 370; x_wconf 74' lang='lat' dir='ltr'>effi-</span> 
     </span>
     <span class='ocr_line' id='line_1_4' title="bbox 114 393 1720 444; baseline -0.006 -5"><span class='ocrx_word' id='word_1_29' title='bbox 114 413 196 439; x_wconf 83' lang='lat' dir='ltr'>cere</span> <span class='ocrx_word' id='word_1_30' title='bbox 219 429 230 444; x_wconf 95' lang='lat'>,</span> <span class='ocrx_word' id='word_1_31' title='bbox 263 411 309 436; x_wconf 91' lang='lat' dir='ltr'>ne</span> <span class='ocrx_word' id='word_1_32' title='bbox 341 399 521 436; x_wconf 84' lang='lat' dir='ltr'>continuo</span> <span class='ocrx_word' id='word_1_33' title='bbox 543 426 554 440; x_wconf 92' lang='lat'>,</span> <span class='ocrx_word' id='word_1_34' title='bbox 589 403 630 435; x_wconf 91' lang='lat' dir='ltr'>ut</span> <span class='ocrx_word' id='word_1_35' title='bbox 660 397 698 432; x_wconf 89' lang='lat' dir='ltr'>in</span> <span class='ocrx_word' id='word_1_36' title='bbox 730 394 937 433; x_wconf 82' lang='lat' dir='ltr'>folliculum</span> <span class='ocrx_word' id='word_1_37' title='bbox 966 394 1176 444; x_wconf 81' lang='lat' dir='ltr'>seponitur,</span> <span class='ocrx_word' id='word_1_38' title='bbox 1214 396 1262 432; x_wconf 83' lang='lat' dir='ltr'>ita</span> <span class='ocrx_word' id='word_1_39' title='bbox 1290 406 1356 444; x_wconf 89' lang='lat' dir='ltr'>per</span> <span class='ocrx_word' id='word_1_40' title='bbox 1383 403 1630 434; x_wconf 69' lang='lat' dir='ltr'>excretorlum</span> <span class='ocrx_word' id='word_1_41' title='bbox 1665 393 1720 430; x_wconf 84' lang='lat' dir='ltr'>os-</span> 
     </span>
     <span class='ocr_line' id='line_1_5' title="bbox 114 457 478 498; baseline -0.016 1"><span class='ocrx_word' id='word_1_42' title='bbox 114 461 238 498; x_wconf 84' lang='lat' dir='ltr'>culum</span> <span class='ocrx_word' id='word_1_43' title='bbox 263 457 478 496; x_wconf 72' lang='lat' dir='ltr'>effundatur.</span> 
     </span>
    </p>

    <p class='ocr_par' dir='ltr' id='par_1_3' title="bbox 113 507 1725 743">
     <span class='ocr_line' id='line_1_6' title="bbox 201 507 1721 565; baseline -0.006 -7"><span class='ocrx_word' id='word_1_44' title='bbox 201 518 286 558; x_wconf 89' lang='lat' dir='ltr'>Huc</span> <span class='ocrx_word' id='word_1_45' title='bbox 310 528 399 565; x_wconf 87' lang='lat' dir='ltr'>ergo</span> <span class='ocrx_word' id='word_1_46' title='bbox 420 514 581 563; x_wconf 83' lang='lat' dir='ltr'>angustia</span> <span class='ocrx_word' id='word_1_47' title='bbox 609 515 688 552; x_wconf 80' lang='lat' dir='ltr'>ostii</span> <span class='ocrx_word' id='word_1_48' title='bbox 707 516 902 553; x_wconf 81' lang='lat' dir='ltr'>excretorii</span> <span class='ocrx_word' id='word_1_49' title='bbox 916 515 1002 553; x_wconf 80' lang='lat' dir='ltr'>facit</span> <span class='ocrx_word' id='word_1_50' title='bbox 1018 543 1027 558; x_wconf 93' lang='lat'>,</span> <span class='ocrx_word' id='word_1_51' title='bbox 1045 525 1124 563; x_wconf 87' lang='lat' dir='ltr'>quae</span> <span class='ocrx_word' id='word_1_52' title='bbox 1148 525 1249 563; x_wconf 79' lang='lat' dir='ltr'>aquae</span> <span class='ocrx_word' id='word_1_53' title='bbox 1279 513 1428 563; x_wconf 78' lang='lat' dir='ltr'>quIdem</span> <span class='ocrx_word' id='word_1_54' title='bbox 1455 524 1580 562; x_wconf 76' lang='lat' dir='ltr'>parum</span> <span class='ocrx_word' id='word_1_55' title='bbox 1597 507 1620 557; x_wconf 77' lang='grc'>,’</span> <span class='ocrx_word' id='word_1_56' title='bbox 1640 513 1721 550; x_wconf 71' lang='lat' dir='ltr'>niu-¹</span> 
     </span>
     <span class='ocr_line' id='line_1_7' title="bbox 115 572 1725 623; baseline -0.006 -5"><span class='ocrx_word' id='word_1_57' title='bbox 115 581 148 618; x_wconf 89' lang='lat' dir='ltr'>ci</span> <span class='ocrx_word' id='word_1_58' title='bbox 172 578 263 616; x_wconf 84' lang='lat' dir='ltr'>nihil</span> <span class='ocrx_word' id='word_1_59' title='bbox 294 577 477 618; x_wconf 82' lang='lat' dir='ltr'>dimittat,</span> <span class='ocrx_word' id='word_1_60' title='bbox 500 573 561 611; x_wconf 74' lang='lat' dir='ltr'>nisi</span> <span class='ocrx_word' id='word_1_61' title='bbox 584 574 716 623; x_wconf 77' lang='lat' dir='ltr'>pressio</span> <span class='ocrx_word' id='word_1_62' title='bbox 735 575 934 617; x_wconf 76' lang='lat' dir='ltr'>accesserit,</span> <span class='ocrx_word' id='word_1_63' title='bbox 959 574 1004 612; x_wconf 88' lang='lat' dir='ltr'>Id</span> <span class='ocrx_word' id='word_1_64' title='bbox 1029 573 1105 611; x_wconf 85' lang='lat' dir='ltr'>fere</span> <span class='ocrx_word' id='word_1_65' title='bbox 1131 585 1332 612; x_wconf 88' lang='lat' dir='ltr'>commune</span> <span class='ocrx_word' id='word_1_66' title='bbox 1358 582 1491 612; x_wconf 77' lang='lat' dir='ltr'>naturae</span> <span class='ocrx_word' id='word_1_67' title='bbox 1520 572 1725 622; x_wconf 71' lang='lat' dir='ltr'>praesidium</span> 
     </span>
     <span class='ocr_line' id='line_1_8' title="bbox 114 631 1719 685; baseline -0.006 -8"><span class='ocrx_word' id='word_1_68' title='bbox 114 640 163 677; x_wconf 91' lang='lat' dir='ltr'>est</span> <span class='ocrx_word' id='word_1_69' title='bbox 187 640 224 675; x_wconf 88' lang='lat' dir='ltr'>in</span> <span class='ocrx_word' id='word_1_70' title='bbox 251 634 424 674; x_wconf 80' lang='lat' dir='ltr'>folliculis</span> <span class='ocrx_word' id='word_1_71' title='bbox 450 634 670 685; x_wconf 68' lang='lat' dir='ltr'>glandulofis</span> <span class='ocrx_word' id='word_1_72' title='bbox 693 663 701 677; x_wconf 93' lang='lat'>,</span> <span class='ocrx_word' id='word_1_73' title='bbox 733 632 771 672; x_wconf 86' lang='lat' dir='ltr'>in</span> <span class='ocrx_word' id='word_1_74' title='bbox 797 636 937 683; x_wconf 81' lang='lat' dir='ltr'>magnis</span> <span class='ocrx_word' id='word_1_75' title='bbox 964 633 1201 682; x_wconf 80' lang='lat' dir='ltr'>receptaculis</span> <span class='ocrx_word' id='word_1_76' title='bbox 1231 633 1310 670; x_wconf 88' lang='lat' dir='ltr'>bilis</span> <span class='ocrx_word' id='word_1_77' title='bbox 1330 662 1340 678; x_wconf 92' lang='lat'>,</span> <span class='ocrx_word' id='word_1_78' title='bbox 1372 631 1484 672; x_wconf 80' lang='lat' dir='ltr'>urinae</span> <span class='ocrx_word' id='word_1_79' title='bbox 1506 661 1517 676; x_wconf 96' lang='lat'>,</span> <span class='ocrx_word' id='word_1_80' title='bbox 1549 631 1719 675; x_wconf 83' lang='lat' dir='ltr'>seminis,</span> 
     </span>
     <span class='ocr_line' id='line_1_9' title="bbox 113 691 1363 743; baseline -0.005 -8"><span class='ocrx_word' id='word_1_81' title='bbox 113 698 151 735; x_wconf 87' lang='lat' dir='ltr'>in</span> <span class='ocrx_word' id='word_1_82' title='bbox 183 696 330 734; x_wconf 86' lang='lat' dir='ltr'>finubus</span> <span class='ocrx_word' id='word_1_83' title='bbox 362 696 551 743; x_wconf 79' lang='lat' dir='ltr'>pituitariis</span> <span class='ocrx_word' id='word_1_84' title='bbox 569 722 578 737; x_wconf 88' lang='lat'>‚</span> <span class='ocrx_word' id='word_1_85' title='bbox 600 695 774 732; x_wconf 66' lang='lat' dir='ltr'>‘duclibus</span> <span class='ocrx_word' id='word_1_86' title='bbox 797 696 886 731; x_wconf 76' lang='lat' dir='ltr'>item</span> <span class='ocrx_word' id='word_1_87' title='bbox 911 695 1124 734; x_wconf 85' lang='lat' dir='ltr'>excretoriis</span> <span class='ocrx_word' id='word_1_88' title='bbox 1149 691 1363 730; x_wconf 75' lang='lat' dir='ltr'>salivalibus‚</span> 
     </span>
    </p>

    <p class='ocr_par' dir='ltr' id='par_1_4' title="bbox 110 749 1727 1282">
     <span class='ocr_line' id='line_1_10' title="bbox 200 749 1724 800; baseline -0.002 -7"><span class='ocrx_word' id='word_1_89' title='bbox 200 755 286 800; x_wconf 84' lang='lat' dir='ltr'>Est,</span> <span class='ocrx_word' id='word_1_90' title='bbox 319 756 383 792; x_wconf 87' lang='lat' dir='ltr'>ubi</span> <span class='ocrx_word' id='word_1_91' title='bbox 414 754 586 792; x_wconf 60' lang='lat' dir='ltr'>anfractus</span> <span class='ocrx_word' id='word_1_92' title='bbox 615 754 809 792; x_wconf 82' lang='lat' dir='ltr'>excretorii</span> <span class='ocrx_word' id='word_1_93' title='bbox 838 754 964 792; x_wconf 62' lang='lat' dir='ltr'>ductus</span> <span class='ocrx_word' id='word_1_94' title='bbox 996 754 1137 791; x_wconf 83' lang='lat' dir='ltr'>exitum</span> <span class='ocrx_word' id='word_1_95' title='bbox 1165 759 1353 790; x_wconf 82' lang='lat' dir='ltr'>morantur</span> <span class='ocrx_word' id='word_1_96' title='bbox 1375 780 1385 795; x_wconf 90' lang='lat'>,</span> <span class='ocrx_word' id='word_1_97' title='bbox 1415 758 1456 790; x_wconf 87' lang='lat' dir='ltr'>ut</span> <span class='ocrx_word' id='word_1_98' title='bbox 1494 752 1530 789; x_wconf 89' lang='lat' dir='ltr'>in</span> <span class='ocrx_word' id='word_1_99' title='bbox 1557 749 1724 790; x_wconf 61' lang='lat' dir='ltr'>duc‘libus&#39;</span> 
     </span>
     <span class='ocr_line' id='line_1_11' title="bbox 110 810 1722 861; baseline -0.002 -8"><span class='ocrx_word' id='word_1_100' title='bbox 110 815 345 858; x_wconf 85' lang='lat' dir='ltr'>seminiferis,</span> <span class='ocrx_word' id='word_1_101' title='bbox 368 814 522 857; x_wconf 65' lang='lat' dir='ltr'>hilarus,</span> <span class='ocrx_word' id='word_1_102' title='bbox 555 813 717 851; x_wconf 68' lang='lat' dir='ltr'>lastiferis</span> <span class='ocrx_word' id='word_1_103' title='bbox 735 844 743 856; x_wconf 93' lang='lat'>,</span> <span class='ocrx_word' id='word_1_104' title='bbox 763 814 799 851; x_wconf 66' lang='grc' dir='ltr'>ὃς</span> <span class='ocrx_word' id='word_1_105' title='bbox 827 815 863 850; x_wconf 91' lang='lat' dir='ltr'>in</span> <span class='ocrx_word' id='word_1_106' title='bbox 892 814 1066 851; x_wconf 82' lang='lat' dir='ltr'>intestinis</span> <span class='ocrx_word' id='word_1_107' title='bbox 1087 841 1096 854; x_wconf 94' lang='lat'>‚</span> <span class='ocrx_word' id='word_1_108' title='bbox 1118 813 1230 860; x_wconf 77' lang='lat' dir='ltr'>inque</span> <span class='ocrx_word' id='word_1_109' title='bbox 1255 810 1446 861; x_wconf 81' lang='lat' dir='ltr'>pituitariis</span> <span class='ocrx_word' id='word_1_110' title='bbox 1467 811 1635 857; x_wconf 81' lang='lat' dir='ltr'>sinubu33</span> <span class='ocrx_word' id='word_1_111' title='bbox 1671 812 1722 849; x_wconf 86' lang='lat' dir='ltr'>est</span> 
     </span>
     <span class='ocr_line' id='line_1_12' title="bbox 113 870 1718 922; baseline -0.002 -10"><span class='ocrx_word' id='word_1_112' title='bbox 113 875 334 913; x_wconf 70' lang='lat' dir='ltr'>ubivalvulae</span> <span class='ocrx_word' id='word_1_113' title='bbox 352 876 419 911; x_wconf 83' lang='lat' dir='ltr'>iter</span> <span class='ocrx_word' id='word_1_114' title='bbox 435 874 581 910; x_wconf 86' lang='lat' dir='ltr'>humori</span> <span class='ocrx_word' id='word_1_115' title='bbox 610 886 674 922; x_wconf 89' lang='lat' dir='ltr'>per</span> <span class='ocrx_word' id='word_1_116' title='bbox 689 874 939 911; x_wconf 81' lang='lat' dir='ltr'>excretorium</span> <span class='ocrx_word' id='word_1_117' title='bbox 965 873 1125 910; x_wconf 83' lang='lat' dir='ltr'>canalem</span> <span class='ocrx_word' id='word_1_118' title='bbox 1150 870 1296 909; x_wconf 84' lang='lat' dir='ltr'>difficile</span> <span class='ocrx_word' id='word_1_119' title='bbox 1324 871 1504 913; x_wconf 85' lang='lat' dir='ltr'>reddunt,</span> <span class='ocrx_word' id='word_1_120' title='bbox 1535 879 1576 908; x_wconf 90' lang='lat' dir='ltr'>ut</span> <span class='ocrx_word' id='word_1_121' title='bbox 1606 873 1643 908; x_wconf 89' lang='lat' dir='ltr'>in</span> <span class='ocrx_word' id='word_1_122' title='bbox 1661 872 1718 910; x_wconf 87' lang='lat' dir='ltr'>via</span> 
     </span>
     <span class='ocr_line' id='line_1_13' title="bbox 112 929 1723 983; baseline -0.003 -11"><span class='ocrx_word' id='word_1_123' title='bbox 112 936 205 972; x_wconf 82' lang='lat' dir='ltr'>bilis.</span> <span class='ocrx_word' id='word_1_124' title='bbox 269 934 420 972; x_wconf 80' lang='lat' dir='ltr'>Est-ubi</span> <span class='ocrx_word' id='word_1_125' title='bbox 451 933 523 970; x_wconf 82' lang='lat' dir='ltr'>sola</span> <span class='ocrx_word' id='word_1_126' title='bbox 551 935 602 970; x_wconf 86' lang='lat' dir='ltr'>vis</span> <span class='ocrx_word' id='word_1_127' title='bbox 627 933 802 983; x_wconf 82' lang='lat' dir='ltr'>ponderis</span> <span class='ocrx_word' id='word_1_128' title='bbox 832 935 869 969; x_wconf 88' lang='lat' dir='ltr'>in</span> <span class='ocrx_word' id='word_1_129' title='bbox 902 944 977 969; x_wconf 86' lang='lat' dir='ltr'>uno</span> <span class='ocrx_word' id='word_1_130' title='bbox 1002 931 1160 969; x_wconf 81' lang='lat' dir='ltr'>alterove</span> <span class='ocrx_word' id='word_1_131' title='bbox 1196 934 1363 980; x_wconf 90' lang='lat' dir='ltr'>corporis</span> <span class='ocrx_word' id='word_1_132' title='bbox 1394 931 1543 968; x_wconf 83' lang='lat' dir='ltr'>humani</span> <span class='ocrx_word' id='word_1_133' title='bbox 1575 929 1642 968; x_wconf 87' lang='lat' dir='ltr'>fitu</span> <span class='ocrx_word' id='word_1_134' title='bbox 1672 930 1723 968; x_wconf 80' lang='lat' dir='ltr'>ef-</span> 
     </span>
     <span class='ocr_line' id='line_1_14' title="bbox 112 989 1724 1040; baseline -0.003 -8"><span class='ocrx_word' id='word_1_135' title='bbox 112 994 254 1032; x_wconf 76' lang='lat' dir='ltr'>fluxum</span> <span class='ocrx_word' id='word_1_136' title='bbox 277 994 438 1031; x_wconf 85' lang='lat' dir='ltr'>humoris</span> <span class='ocrx_word' id='word_1_137' title='bbox 466 993 596 1031; x_wconf 78' lang='lat' dir='ltr'>retenti</span> <span class='ocrx_word' id='word_1_138' title='bbox 620 1001 799 1035; x_wconf 85' lang='lat' dir='ltr'>moratur,</span> <span class='ocrx_word' id='word_1_139' title='bbox 819 999 858 1030; x_wconf 89' lang='lat' dir='ltr'>ut</span> <span class='ocrx_word' id='word_1_140' title='bbox 883 994 920 1029; x_wconf 85' lang='lat' dir='ltr'>in</span> <span class='ocrx_word' id='word_1_141' title='bbox 942 991 1119 1029; x_wconf 80' lang='lat' dir='ltr'>maxillari</span> <span class='ocrx_word' id='word_1_142' title='bbox 1139 989 1241 1035; x_wconf 86' lang='lat' dir='ltr'>finu,</span> <span class='ocrx_word' id='word_1_143' title='bbox 1258 993 1401 1040; x_wconf 88' lang='lat' dir='ltr'>quoties</span> <span class='ocrx_word' id='word_1_144' title='bbox 1426 998 1535 1040; x_wconf 80' lang='lat' dir='ltr'>caput</span> <span class='ocrx_word' id='word_1_145' title='bbox 1561 992 1598 1028; x_wconf 89' lang='lat' dir='ltr'>in</span> <span class='ocrx_word' id='word_1_146' title='bbox 1624 990 1724 1027; x_wconf 80' lang='lat' dir='ltr'>idem</span> 
     </span>
     <span class='ocr_line' id='line_1_15' title="bbox 112 1050 1724 1102; baseline -0.003 -11"><span class='ocrx_word' id='word_1_147' title='bbox 112 1051 205 1091; x_wconf 87' lang='lat' dir='ltr'>latus</span> <span class='ocrx_word' id='word_1_148' title='bbox 221 1055 409 1096; x_wconf 85' lang='lat' dir='ltr'>recubuit,</span> <span class='ocrx_word' id='word_1_149' title='bbox 428 1054 461 1089; x_wconf 65' lang='lat' dir='ltr'>Sc</span> <span class='ocrx_word' id='word_1_150' title='bbox 485 1056 520 1089; x_wconf 76' lang='lat' dir='ltr'>in</span> <span class='ocrx_word' id='word_1_151' title='bbox 541 1052 652 1090; x_wconf 79' lang='lat' dir='ltr'>vesica</span> <span class='ocrx_word' id='word_1_152' title='bbox 673 1054 824 1090; x_wconf 78' lang='lat' dir='ltr'>urinaria</span> <span class='ocrx_word' id='word_1_153' title='bbox 839 1081 848 1094; x_wconf 89' lang='lat'>,</span> <span class='ocrx_word' id='word_1_154' title='bbox 871 1055 973 1100; x_wconf 79' lang='lat' dir='ltr'>cujus</span> <span class='ocrx_word' id='word_1_155' title='bbox 996 1063 1075 1102; x_wconf 81' lang='lat' dir='ltr'>pars</span> <span class='ocrx_word' id='word_1_156' title='bbox 1097 1050 1275 1100; x_wconf 85' lang='lat' dir='ltr'>posterior</span> <span class='ocrx_word' id='word_1_157' title='bbox 1290 1052 1426 1100; x_wconf 82' lang='lat' dir='ltr'>repleta</span> <span class='ocrx_word' id='word_1_158' title='bbox 1447 1050 1538 1087; x_wconf 85' lang='lat' dir='ltr'>infra</span> <span class='ocrx_word' id='word_1_159' title='bbox 1565 1051 1724 1088; x_wconf 87' lang='lat' dir='ltr'>anterio-</span> 
     </span>
     <span class='ocr_line' id='line_1_16' title="bbox 112 1105 1724 1159; baseline -0.002 -9"><span class='ocrx_word' id='word_1_160' title='bbox 112 1106 194 1152; x_wconf 84' lang='lat' dir='ltr'>rem</span> <span class='ocrx_word' id='word_1_161' title='bbox 225 1111 417 1150; x_wconf 85' lang='lat' dir='ltr'>descendit.</span> <span class='ocrx_word' id='word_1_162' title='bbox 465 1111 535 1149; x_wconf 86' lang='lat' dir='ltr'>Sed</span> <span class='ocrx_word' id='word_1_163' title='bbox 557 1114 665 1148; x_wconf 80' lang='lat' dir='ltr'>etiam</span> <span class='ocrx_word' id='word_1_164' title='bbox 695 1112 775 1148; x_wconf 81' lang='lat' dir='ltr'>bilis</span> <span class='ocrx_word' id='word_1_165' title='bbox 793 1112 839 1150; x_wconf 86' lang='lat' dir='ltr'>de</span> <span class='ocrx_word' id='word_1_166' title='bbox 861 1111 1029 1149; x_wconf 82' lang='lat' dir='ltr'>folliculo</span> <span class='ocrx_word' id='word_1_167' title='bbox 1053 1111 1117 1148; x_wconf 87' lang='lat' dir='ltr'>suo</span> <span class='ocrx_word' id='word_1_168' title='bbox 1137 1110 1353 1149; x_wconf 83' lang='lat' dir='ltr'>adscendere</span> <span class='ocrx_word' id='word_1_169' title='bbox 1376 1112 1521 1159; x_wconf 67' lang='lat' dir='ltr'>cogitur</span> <span class='ocrx_word' id='word_1_170' title='bbox 1546 1105 1600 1152; x_wconf 84' lang='lat' dir='ltr'>(lz</span> <span class='ocrx_word' id='word_1_171' title='bbox 1616 1110 1632 1157; x_wconf 92' lang='lat'><em>)</em></span> <span class='ocrx_word' id='word_1_172' title='bbox 1647 1138 1657 1153; x_wconf 93' lang='lat'>,</span> <span class='ocrx_word' id='word_1_173' title='bbox 1682 1114 1724 1146; x_wconf 82' lang='lat' dir='ltr'>ul:</span> 
     </span>
     <span class='ocr_line' id='line_1_17' title="bbox 115 1168 1727 1222; baseline -0.002 -12"><span class='ocrx_word' id='word_1_174' title='bbox 115 1171 260 1222; x_wconf 69' lang='lat' dir='ltr'>effluat,</span> <span class='ocrx_word' id='word_1_175' title='bbox 293 1173 330 1209; x_wconf 85' lang='lat'>&amp;</span> <span class='ocrx_word' id='word_1_176' title='bbox 355 1172 498 1209; x_wconf 80' lang='lat' dir='ltr'>sinuum</span> <span class='ocrx_word' id='word_1_177' title='bbox 536 1171 770 1209; x_wconf 85' lang='lat' dir='ltr'>mucosorum</span> <span class='ocrx_word' id='word_1_178' title='bbox 809 1173 912 1222; x_wconf 87' lang='lat' dir='ltr'>penis</span> <span class='ocrx_word' id='word_1_179' title='bbox 944 1170 1131 1219; x_wconf 80' lang='lat' dir='ltr'>vulvaeque</span> <span class='ocrx_word' id='word_1_180' title='bbox 1171 1172 1278 1209; x_wconf 88' lang='lat' dir='ltr'>multi</span> <span class='ocrx_word' id='word_1_181' title='bbox 1310 1170 1427 1208; x_wconf 85' lang='lat' dir='ltr'>fundo</span> <span class='ocrx_word' id='word_1_182' title='bbox 1466 1170 1530 1208; x_wconf 89' lang='lat' dir='ltr'>suo</span> <span class='ocrx_word' id='word_1_183' title='bbox 1557 1168 1727 1208; x_wconf 87' lang='lat' dir='ltr'>deorsum</span> 
     </span>
     <span class='ocr_line' id='line_1_18' title="bbox 113 1230 282 1282; baseline -0.006 -14"><span class='ocrx_word' id='word_1_184' title='bbox 113 1230 282 1282; x_wconf 54' lang='lat' dir='ltr'>spectant.</span> 
     </span>
    </p>

    <p class='ocr_par' dir='ltr' id='par_1_5' title="bbox 117 1289 1730 1701">
     <span class='ocr_line' id='line_1_19' title="bbox 201 1289 1726 1341; baseline -0.002 -12"><span class='ocrx_word' id='word_1_185' title='bbox 201 1290 410 1341; x_wconf 77' lang='lat' dir='ltr'>Aliquando</span> <span class='ocrx_word' id='word_1_186' title='bbox 430 1291 518 1329; x_wconf 84' lang='lat' dir='ltr'>dura</span> <span class='ocrx_word' id='word_1_187' title='bbox 548 1290 719 1329; x_wconf 83' lang='lat' dir='ltr'>cellulosa</span> <span class='ocrx_word' id='word_1_188' title='bbox 741 1291 830 1335; x_wconf 86' lang='lat' dir='ltr'>tela,</span> <span class='ocrx_word' id='word_1_189' title='bbox 855 1290 967 1330; x_wconf 89' lang='lat' dir='ltr'>denso</span> <span class='ocrx_word' id='word_1_190' title='bbox 996 1290 1092 1340; x_wconf 79' lang='lat' dir='ltr'>quali</span> <span class='ocrx_word' id='word_1_191' title='bbox 1120 1302 1227 1329; x_wconf 87' lang='lat' dir='ltr'>muro</span> <span class='ocrx_word' id='word_1_192' title='bbox 1255 1289 1539 1338; x_wconf 78' lang='lat' dir='ltr'>circumposito,</span> <span class='ocrx_word' id='word_1_193' title='bbox 1576 1289 1726 1328; x_wconf 59' lang='lat' dir='ltr'>dueum</span> 
     </span>
     <span class='ocr_line' id='line_1_20' title="bbox 117 1349 1728 1400; baseline -0.002 -12"><span class='ocrx_word' id='word_1_194' title='bbox 117 1352 363 1389; x_wconf 76' lang='lat' dir='ltr'>excretorium</span> <span class='ocrx_word' id='word_1_195' title='bbox 393 1351 627 1400; x_wconf 79' lang='lat' dir='ltr'>comprimit,</span> <span class='ocrx_word' id='word_1_196' title='bbox 660 1353 712 1389; x_wconf 83' lang='lat' dir='ltr'>uri</span> <span class='ocrx_word' id='word_1_197' title='bbox 739 1351 887 1400; x_wconf 86' lang='lat' dir='ltr'>quidem</span> <span class='ocrx_word' id='word_1_198' title='bbox 918 1350 1073 1400; x_wconf 77' lang='lat' dir='ltr'>prostata</span> <span class='ocrx_word' id='word_1_199' title='bbox 1100 1349 1227 1388; x_wconf 58' lang='lat' dir='ltr'>elutius</span> <span class='ocrx_word' id='word_1_200' title='bbox 1254 1350 1478 1388; x_wconf 80' lang='lat' dir='ltr'>seminiferos</span> <span class='ocrx_word' id='word_1_201' title='bbox 1502 1350 1618 1387; x_wconf 65' lang='lat' dir='ltr'>arctat.</span> <span class='ocrx_word' id='word_1_202' title='bbox 1654 1350 1728 1387; x_wconf 91' lang='lat' dir='ltr'>Aut</span> 
     </span>
     <span class='ocr_line' id='line_1_21' title="bbox 117 1408 1727 1459; baseline -0.002 -12"><span class='ocrx_word' id='word_1_203' title='bbox 117 1411 211 1448; x_wconf 86' lang='lat' dir='ltr'>inter</span> <span class='ocrx_word' id='word_1_204' title='bbox 238 1411 465 1448; x_wconf 76' lang='lat' dir='ltr'>membranas</span> <span class='ocrx_word' id='word_1_205' title='bbox 501 1411 579 1448; x_wconf 85' lang='lat' dir='ltr'>tubi</span> <span class='ocrx_word' id='word_1_206' title='bbox 612 1412 766 1458; x_wconf 74' lang='lat' dir='ltr'>alicujus</span> <span class='ocrx_word' id='word_1_207' title='bbox 797 1411 895 1448; x_wconf 89' lang='lat' dir='ltr'>idem</span> <span class='ocrx_word' id='word_1_208' title='bbox 926 1411 1077 1459; x_wconf 71' lang='lat' dir='ltr'>oblique</span> <span class='ocrx_word' id='word_1_209' title='bbox 1119 1410 1275 1452; x_wconf 86' lang='lat' dir='ltr'>incedit,</span> <span class='ocrx_word' id='word_1_210' title='bbox 1312 1419 1353 1448; x_wconf 87' lang='lat' dir='ltr'>ut</span> <span class='ocrx_word' id='word_1_211' title='bbox 1392 1424 1411 1448; x_wconf 87' lang='lat' dir='ltr'>a</span> <span class='ocrx_word' id='word_1_212' title='bbox 1442 1409 1620 1459; x_wconf 74' lang='lat' dir='ltr'>preffione</span> <span class='ocrx_word' id='word_1_213' title='bbox 1658 1408 1727 1445; x_wconf 90' lang='lat' dir='ltr'>hu-</span> 
     </span>
     <span class='ocr_line' id='line_1_22' title="bbox 117 1465 1725 1518; baseline -0.002 -11"><span class='ocrx_word' id='word_1_214' title='bbox 117 1471 230 1507; x_wconf 81' lang='lat' dir='ltr'>moris</span> <span class='ocrx_word' id='word_1_215' title='bbox 262 1471 298 1506; x_wconf 89' lang='lat' dir='ltr'>in</span> <span class='ocrx_word' id='word_1_216' title='bbox 328 1482 459 1518; x_wconf 71' lang='lat' dir='ltr'>magna</span> <span class='ocrx_word' id='word_1_217' title='bbox 487 1471 562 1507; x_wconf 86' lang='lat' dir='ltr'>tubi</span> <span class='ocrx_word' id='word_1_218' title='bbox 598 1483 702 1508; x_wconf 72' lang='lat' dir='ltr'>cavea</span> <span class='ocrx_word' id='word_1_219' title='bbox 735 1473 901 1510; x_wconf 87' lang='lat' dir='ltr'>contenti</span> <span class='ocrx_word' id='word_1_220' title='bbox 933 1465 1234 1518; x_wconf 75' lang='lat' dir='ltr'>comprimatur,</span> <span class='ocrx_word' id='word_1_221' title='bbox 1263 1471 1300 1506; x_wconf 90' lang='lat' dir='ltr'>in</span> <span class='ocrx_word' id='word_1_222' title='bbox 1345 1470 1471 1507; x_wconf 68' lang='lat' dir='ltr'>duetus</span> <span class='ocrx_word' id='word_1_223' title='bbox 1511 1468 1642 1508; x_wconf 75' lang='lat' dir='ltr'>biliferi</span> <span class='ocrx_word' id='word_1_224' title='bbox 1686 1467 1725 1504; x_wconf 86' lang='lat'>&amp;</span> 
     </span>
     <span class='ocr_line' id='line_1_23' title="bbox 117 1526 1730 1580; baseline -0.002 -14"><span class='ocrx_word' id='word_1_225' title='bbox 117 1530 338 1578; x_wconf 72' lang='lat' dir='ltr'>pancreatici</span> <span class='ocrx_word' id='word_1_226' title='bbox 363 1530 548 1578; x_wconf 77' lang='lat' dir='ltr'>exemplo.</span> <span class='ocrx_word' id='word_1_227' title='bbox 614 1532 684 1568; x_wconf 79' lang='lat' dir='ltr'>Ant</span> <span class='ocrx_word' id='word_1_228' title='bbox 712 1532 804 1568; x_wconf 82' lang='lat' dir='ltr'>intra</span> <span class='ocrx_word' id='word_1_229' title='bbox 833 1532 1016 1580; x_wconf 85' lang='lat' dir='ltr'>propriam</span> <span class='ocrx_word' id='word_1_230' title='bbox 1043 1526 1215 1579; x_wconf 67' lang='lat' dir='ltr'>papillam</span> <span class='ocrx_word' id='word_1_231' title='bbox 1235 1530 1424 1568; x_wconf 76' lang='lat' dir='ltr'>retrahitur</span> <span class='ocrx_word' id='word_1_232' title='bbox 1441 1558 1450 1572; x_wconf 92' lang='lat'>‚</span> <span class='ocrx_word' id='word_1_233' title='bbox 1480 1537 1589 1578; x_wconf 79' lang='lat' dir='ltr'>atque</span> <span class='ocrx_word' id='word_1_234' title='bbox 1616 1527 1730 1564; x_wconf 52' lang='lat' dir='ltr'>ostio-¹</span> 
     </span>
     <span class='ocr_line' id='line_1_24' title="bbox 117 1587 1727 1640; baseline -0.002 -14"><span class='ocrx_word' id='word_1_235' title='bbox 117 1588 156 1626; x_wconf 87' lang='lat' dir='ltr'>lo</span> <span class='ocrx_word' id='word_1_236' title='bbox 183 1591 376 1633; x_wconf 87' lang='lat' dir='ltr'>connivet,</span> <span class='ocrx_word' id='word_1_237' title='bbox 408 1602 514 1640; x_wconf 71' lang='lat' dir='ltr'>quam</span> <span class='ocrx_word' id='word_1_238' title='bbox 532 1590 703 1640; x_wconf 75' lang='lat' dir='ltr'>papillam</span> <span class='ocrx_word' id='word_1_239' title='bbox 726 1592 776 1627; x_wconf 88' lang='lat' dir='ltr'>vis</span> <span class='ocrx_word' id='word_1_240' title='bbox 793 1590 940 1629; x_wconf 85' lang='lat' dir='ltr'>demum</span> <span class='ocrx_word' id='word_1_241' title='bbox 970 1588 1161 1627; x_wconf 66' lang='lat' dir='ltr'>accessoria</span> <span class='ocrx_word' id='word_1_242' title='bbox 1187 1589 1385 1634; x_wconf 78' lang='lat' dir='ltr'>extendat,</span> <span class='ocrx_word' id='word_1_243' title='bbox 1412 1588 1656 1637; x_wconf 82' lang='lat' dir='ltr'>ostiolumque</span> <span class='ocrx_word' id='word_1_244' title='bbox 1687 1587 1727 1623; x_wconf 90' lang='lat' dir='ltr'>in</span> 
     </span>
     <span class='ocr_line' id='line_1_25' title="bbox 117 1648 1310 1701; baseline 0.001 -16"><span class='ocrx_word' id='word_1_245' title='bbox 117 1648 372 1686; x_wconf 65' lang='lat' dir='ltr'>rectitudinem</span> <span class='ocrx_word' id='word_1_246' title='bbox 397 1657 586 1701; x_wconf 78' lang='lat' dir='ltr'>porrigat,</span> <span class='ocrx_word' id='word_1_247' title='bbox 613 1658 653 1687; x_wconf 87' lang='lat' dir='ltr'>ut</span> <span class='ocrx_word' id='word_1_248' title='bbox 675 1651 710 1686; x_wconf 85' lang='lat' dir='ltr'>in</span> <span class='ocrx_word' id='word_1_249' title='bbox 741 1650 1017 1688; x_wconf 58' lang='lat' dir='ltr'>W&#39;hartoniano</span> <span class='ocrx_word' id='word_1_250' title='bbox 1043 1649 1155 1687; x_wconf 75' lang='lat' dir='ltr'>salivae</span> <span class='ocrx_word' id='word_1_251' title='bbox 1192 1648 1310 1686; x_wconf 58' lang='lat' dir='ltr'>ductu.</span> 
     </span>
    </p>

    <p class='ocr_par' dir='ltr' id='par_1_6' title="bbox 118 1706 1728 1922">
     <span class='ocr_line' id='line_1_26' title="bbox 207 1706 1728 1758; baseline 0 -14"><span class='ocrx_word' id='word_1_252' title='bbox 207 1708 302 1745; x_wconf 72' lang='lat' dir='ltr'>Alibi</span> <span class='ocrx_word' id='word_1_253' title='bbox 329 1707 432 1746; x_wconf 82' lang='lat' dir='ltr'>fibras</span> <span class='ocrx_word' id='word_1_254' title='bbox 460 1710 553 1745; x_wconf 83' lang='lat' dir='ltr'>inter</span> <span class='ocrx_word' id='word_1_255' title='bbox 574 1709 790 1747; x_wconf 78' lang='lat' dir='ltr'>musculosas</span> <span class='ocrx_word' id='word_1_256' title='bbox 823 1711 948 1748; x_wconf 66' lang='lat' dir='ltr'>dutlus</span> <span class='ocrx_word' id='word_1_257' title='bbox 978 1709 1202 1746; x_wconf 84' lang='lat' dir='ltr'>excretorius</span> <span class='ocrx_word' id='word_1_258' title='bbox 1224 1708 1372 1758; x_wconf 89' lang='lat' dir='ltr'>prodit,</span> <span class='ocrx_word' id='word_1_259' title='bbox 1396 1719 1548 1757; x_wconf 83' lang='lat' dir='ltr'>quarum</span> <span class='ocrx_word' id='word_1_260' title='bbox 1567 1709 1601 1744; x_wconf 91' lang='lat' dir='ltr'>vi</span> <span class='ocrx_word' id='word_1_261' title='bbox 1623 1706 1728 1745; x_wconf 64' lang='lat' dir='ltr'>coer-⁴</span> 
     </span>
     <span class='ocr_line' id='line_1_27' title="bbox 119 1766 1728 1815; baseline -0.001 -10"><span class='ocrx_word' id='word_1_262' title='bbox 119 1773 267 1811; x_wconf 83' lang='lat' dir='ltr'>ceatur,</span> <span class='ocrx_word' id='word_1_263' title='bbox 291 1766 354 1804; x_wconf 84' lang='lat' dir='ltr'>nifi</span> <span class='ocrx_word' id='word_1_264' title='bbox 385 1771 561 1805; x_wconf 80' lang='lat' dir='ltr'>contraria</span> <span class='ocrx_word' id='word_1_265' title='bbox 586 1768 686 1805; x_wconf 69' lang='lat' dir='ltr'>causa</span> <span class='ocrx_word' id='word_1_266' title='bbox 715 1768 906 1813; x_wconf 71' lang='lat' dir='ltr'>accesserit,</span> <span class='ocrx_word' id='word_1_267' title='bbox 968 1769 1023 1806; x_wconf 83' lang='lat' dir='ltr'>Ita</span> <span class='ocrx_word' id='word_1_268' title='bbox 1053 1769 1098 1806; x_wconf 92' lang='lat' dir='ltr'>de</span> <span class='ocrx_word' id='word_1_269' title='bbox 1124 1767 1277 1805; x_wconf 78' lang='lat' dir='ltr'>urethra.&gt;</span> <span class='ocrx_word' id='word_1_270' title='bbox 1302 1768 1347 1804; x_wconf 86' lang='lat' dir='ltr'>de</span> <span class='ocrx_word' id='word_1_271' title='bbox 1372 1767 1484 1805; x_wconf 83' lang='lat' dir='ltr'>velica</span> <span class='ocrx_word' id='word_1_272' title='bbox 1512 1767 1728 1815; x_wconf 84' lang='lat' dir='ltr'>prodeuntis</span> 
     </span>
     <span class='ocr_line' id='line_1_28' title="bbox 119 1825 1725 1875; baseline -0.001 -12"><span class='ocrx_word' id='word_1_273' title='bbox 119 1826 213 1863; x_wconf 87' lang='lat' dir='ltr'>ostio</span> <span class='ocrx_word' id='word_1_274' title='bbox 227 1825 338 1874; x_wconf 84' lang='lat' dir='ltr'>vulgo</span> <span class='ocrx_word' id='word_1_275' title='bbox 356 1836 450 1863; x_wconf 81' lang='lat' dir='ltr'>certe</span> <span class='ocrx_word' id='word_1_276' title='bbox 467 1828 622 1865; x_wconf 86' lang='lat' dir='ltr'>creditur</span> <span class='ocrx_word' id='word_1_277' title='bbox 635 1853 647 1870; x_wconf 91' lang='lat'>,</span> <span class='ocrx_word' id='word_1_278' title='bbox 672 1828 720 1865; x_wconf 86' lang='lat' dir='ltr'>ita</span> <span class='ocrx_word' id='word_1_279' title='bbox 746 1829 955 1866; x_wconf 85' lang='lat' dir='ltr'>intestinum</span> <span class='ocrx_word' id='word_1_280' title='bbox 973 1857 982 1872; x_wconf 94' lang='lat'>‚</span> <span class='ocrx_word' id='word_1_281' title='bbox 1000 1827 1252 1865; x_wconf 83' lang='lat' dir='ltr'>folliculorum</span> <span class='ocrx_word' id='word_1_282' title='bbox 1278 1829 1478 1865; x_wconf 78' lang='lat' dir='ltr'>maximum</span> <span class='ocrx_word' id='word_1_283' title='bbox 1494 1854 1504 1868; x_wconf 87' lang='lat'>,</span> <span class='ocrx_word' id='word_1_284' title='bbox 1527 1826 1725 1875; x_wconf 65' lang='lat' dir='ltr'>lphintlere</span> 
     </span>
     <span class='ocr_line' id='line_1_29' title="bbox 118 1884 524 1922; baseline 0.002 -1"><span class='ocrx_word' id='word_1_285' title='bbox 118 1884 306 1922; x_wconf 80' lang='lat' dir='ltr'>manifesto</span> <span class='ocrx_word' id='word_1_286' title='bbox 335 1884 524 1922; x_wconf 81' lang='lat' dir='ltr'>clauditur.</span> 
     </span>
    </p>

    <p class='ocr_par' dir='ltr' id='par_1_7' title="bbox 121 1942 1734 2235">
     <span class='ocr_line' id='line_1_30' title="bbox 178 1942 1731 1993; baseline -0.003 -10"><span class='ocrx_word' id='word_1_287' title='bbox 178 1944 317 1983; x_wconf 81' lang='lat' dir='ltr'>Verum</span> <span class='ocrx_word' id='word_1_288' title='bbox 349 1943 406 1980; x_wconf 75' lang='lat' dir='ltr'>erl]</span> <span class='ocrx_word' id='word_1_289' title='bbox 421 1945 457 1980; x_wconf 91' lang='lat' dir='ltr'>in</span> <span class='ocrx_word' id='word_1_290' title='bbox 471 1944 546 1982; x_wconf 87' lang='lat' dir='ltr'>aliis</span> <span class='ocrx_word' id='word_1_291' title='bbox 559 1944 741 1982; x_wconf 74' lang='lat' dir='ltr'>canalibus</span> <span class='ocrx_word' id='word_1_292' title='bbox 754 1945 967 1982; x_wconf 73' lang='lat' dir='ltr'>excretoriis</span> <span class='ocrx_word' id='word_1_293' title='bbox 981 1945 1268 1993; x_wconf 75' lang='lat' dir='ltr'>constringentes</span> <span class='ocrx_word' id='word_1_294' title='bbox 1282 1943 1408 1981; x_wconf 86' lang='lat' dir='ltr'>ostiola</span> <span class='ocrx_word' id='word_1_295' title='bbox 1419 1942 1601 1980; x_wconf 75' lang='lat' dir='ltr'>musculos</span> <span class='ocrx_word' id='word_1_296' title='bbox 1612 1943 1731 1980; x_wconf 56' lang='lat' dir='ltr'>osten-4</span> 
     </span>
     <span class='ocr_line' id='line_1_31' title="bbox 121 2001 1730 2048; baseline -0.001 -7"><span class='ocrx_word' id='word_1_297' title='bbox 121 2005 206 2041; x_wconf 90' lang='lat' dir='ltr'>dere</span> <span class='ocrx_word' id='word_1_298' title='bbox 220 2014 298 2040; x_wconf 89' lang='lat' dir='ltr'>non</span> <span class='ocrx_word' id='word_1_299' title='bbox 319 2001 406 2041; x_wconf 87' lang='lat' dir='ltr'>licet</span> <span class='ocrx_word' id='word_1_300' title='bbox 427 2029 439 2048; x_wconf 81' lang='lat'>,</span> <span class='ocrx_word' id='word_1_301' title='bbox 458 2015 532 2041; x_wconf 90' lang='lat' dir='ltr'>non</span> <span class='ocrx_word' id='word_1_302' title='bbox 557 2004 640 2041; x_wconf 89' lang='lat' dir='ltr'>ideo</span> <span class='ocrx_word' id='word_1_303' title='bbox 656 2006 773 2041; x_wconf 85' lang='lat' dir='ltr'>minus</span> <span class='ocrx_word' id='word_1_304' title='bbox 787 2004 925 2042; x_wconf 89' lang='lat' dir='ltr'>idoneo</span> <span class='ocrx_word' id='word_1_305' title='bbox 953 2006 1101 2043; x_wconf 82' lang='lat' dir='ltr'>rationis</span> <span class='ocrx_word' id='word_1_306' title='bbox 1122 2005 1184 2042; x_wconf 90' lang='lat' dir='ltr'>usu</span> <span class='ocrx_word' id='word_1_307' title='bbox 1205 2004 1493 2041; x_wconf 80' lang='lat' dir='ltr'>demonstrantur</span> <span class='ocrx_word' id='word_1_308' title='bbox 1516 2002 1642 2040; x_wconf 82' lang='lat' dir='ltr'>adesse.</span> <span class='ocrx_word' id='word_1_309' title='bbox 1678 2001 1730 2040; x_wconf 80' lang='lat' dir='ltr'>lta</span> 
     </span>
     <span class='ocr_line' id='line_1_32' title="bbox 121 2062 1733 2114; baseline -0.001 -14"><span class='ocrx_word' id='word_1_310' title='bbox 121 2064 159 2100; x_wconf 88' lang='lat' dir='ltr'>in</span> <span class='ocrx_word' id='word_1_311' title='bbox 192 2071 275 2100; x_wconf 85' lang='lat' dir='ltr'>cute</span> <span class='ocrx_word' id='word_1_312' title='bbox 302 2062 495 2099; x_wconf 85' lang='lat' dir='ltr'>musculofi</span> <span class='ocrx_word' id='word_1_313' title='bbox 527 2063 615 2099; x_wconf 89' lang='lat' dir='ltr'>nihil</span> <span class='ocrx_word' id='word_1_314' title='bbox 649 2065 823 2112; x_wconf 82' lang='lat' dir='ltr'>adparet,</span> <span class='ocrx_word' id='word_1_315' title='bbox 856 2076 975 2113; x_wconf 87' lang='lat' dir='ltr'>neque</span> <span class='ocrx_word' id='word_1_316' title='bbox 1000 2064 1180 2103; x_wconf 80' lang='lat' dir='ltr'>irritabilis</span> <span class='ocrx_word' id='word_1_317' title='bbox 1217 2071 1342 2102; x_wconf 80' lang='lat' dir='ltr'>natura</span> <span class='ocrx_word' id='word_1_318' title='bbox 1370 2064 1622 2114; x_wconf 47' lang='lat' dir='ltr'>experimento</span> <span class='ocrx_word' id='word_1_319' title='bbox 1649 2074 1733 2099; x_wconf 81' lang='lat' dir='ltr'>ana-</span> 
     </span>
     <span class='ocr_line' id='line_1_33' title="bbox 122 2119 1733 2170; baseline 0 -11"><span class='ocrx_word' id='word_1_320' title='bbox 122 2123 265 2159; x_wconf 89' lang='lat' dir='ltr'>tomico</span> <span class='ocrx_word' id='word_1_321' title='bbox 295 2122 531 2159; x_wconf 84' lang='lat' dir='ltr'>confirmatur</span> <span class='ocrx_word' id='word_1_322' title='bbox 561 2119 650 2170; x_wconf 79' lang='lat' dir='ltr'>(i).</span> <span class='ocrx_word' id='word_1_323' title='bbox 713 2122 948 2160; x_wconf 83' lang='lat' dir='ltr'>Notiffimum</span> <span class='ocrx_word' id='word_1_324' title='bbox 978 2130 1097 2162; x_wconf 82' lang='lat' dir='ltr'>tamen</span> <span class='ocrx_word' id='word_1_325' title='bbox 1115 2125 1184 2167; x_wconf 86' lang='lat' dir='ltr'>est,</span> <span class='ocrx_word' id='word_1_326' title='bbox 1212 2131 1333 2161; x_wconf 86' lang='lat' dir='ltr'>cutem</span> <span class='ocrx_word' id='word_1_327' title='bbox 1360 2136 1379 2160; x_wconf 72' lang='lat' dir='ltr'>a</span> <span class='ocrx_word' id='word_1_328' title='bbox 1405 2126 1536 2170; x_wconf 55' lang='lat' dir='ltr'>,sigore</span> <span class='ocrx_word' id='word_1_329' title='bbox 1569 2122 1602 2159; x_wconf 69' lang='grc' dir='ltr'>ἃ</span> <span class='ocrx_word' id='word_1_330' title='bbox 1626 2135 1644 2159; x_wconf 85' lang='lat' dir='ltr'>a</span> <span class='ocrx_word' id='word_1_331' title='bbox 1662 2130 1733 2160; x_wconf 85' lang='lat' dir='ltr'>ter-</span> 
     </span>
     <span class='ocr_line' id='line_1_34' title="bbox 123 2180 1734 2235; baseline 0.001 -17"><span class='ocrx_word' id='word_1_332' title='bbox 123 2192 209 2222; x_wconf 84' lang='lat' dir='ltr'>rore</span> <span class='ocrx_word' id='word_1_333' title='bbox 241 2183 291 2220; x_wconf 85' lang='lat' dir='ltr'>ita</span> <span class='ocrx_word' id='word_1_334' title='bbox 325 2182 524 2231; x_wconf 83' lang='lat' dir='ltr'>constringi</span> <span class='ocrx_word' id='word_1_335' title='bbox 544 2211 555 2227; x_wconf 92' lang='lat'>,</span> <span class='ocrx_word' id='word_1_336' title='bbox 578 2192 619 2221; x_wconf 91' lang='lat' dir='ltr'>ut</span> <span class='ocrx_word' id='word_1_337' title='bbox 648 2182 831 2233; x_wconf 78' lang='lat' dir='ltr'>suppresso</span> <span class='ocrx_word' id='word_1_338' title='bbox 862 2183 1019 2230; x_wconf 80' lang='lat' dir='ltr'>sudore,</span> <span class='ocrx_word' id='word_1_339' title='bbox 1049 2184 1085 2223; x_wconf 66' lang='grc' dir='ltr'>ἃ</span> <span class='ocrx_word' id='word_1_340' title='bbox 1119 2184 1377 2235; x_wconf 74' lang='lat' dir='ltr'>perspitatione</span> <span class='ocrx_word' id='word_1_341' title='bbox 1420 2180 1581 2222; x_wconf 72' lang='lat' dir='ltr'>cohibita</span> <span class='ocrx_word' id='word_1_342' title='bbox 1605 2207 1617 2228; x_wconf 71' lang='lat'>2</span> <span class='ocrx_word' id='word_1_343' title='bbox 1657 2189 1734 2220; x_wconf 88' lang='lat' dir='ltr'>tota</span> 
     </span>
    </p>

    <p class='ocr_par' dir='ltr' id='par_1_8' title="bbox 99 2242 1735 2279">
     <span class='ocr_line' id='line_1_35' title="bbox 99 2242 1735 2279; baseline -0.002 3"><span class='ocrx_word' id='word_1_344' title='bbox 99 2248 102 2249; x_wconf 72' lang='grc'>’</span> <span class='ocrx_word' id='word_1_345' title='bbox 1694 2242 1735 2279; x_wconf 84' lang='lat' dir='ltr'>in</span> 
     </span>
    </p>

    <p class='ocr_par' dir='ltr' id='par_1_9' title="bbox 209 2354 426 2394">
     <span class='ocr_line' id='line_1_36' title="bbox 209 2354 426 2394; baseline 0.009 -4"><span class='ocrx_word' id='word_1_346' title='bbox 209 2354 276 2393; x_wconf 66' lang='grc' dir='ltr'>(ε)</span> <span class='ocrx_word' id='word_1_347' title='bbox 304 2365 324 2394; x_wconf 77' lang='lat'>1³</span> <span class='ocrx_word' id='word_1_348' title='bbox 359 2360 426 2392; x_wconf 66' lang='lat'>39³-</span> 
     </span>
    </p>
   </div>
   <div class='ocr_carea' id='block_1_3' title="bbox 208 2396 892 2484">
    <p class='ocr_par' dir='ltr' id='par_1_10' title="bbox 208 2396 892 2484">
     <span class='ocr_line' id='line_1_37' title="bbox 208 2396 757 2439; baseline 0.016 -14"><span class='ocrx_word' id='word_1_349' title='bbox 208 2396 251 2431; x_wconf 77' lang='lat' dir='ltr'>(h</span> <span class='ocrx_word' id='word_1_350' title='bbox 265 2410 278 2431; x_wconf 57' lang='lat'>,-</span> <span class='ocrx_word' id='word_1_351' title='bbox 300 2399 388 2427; x_wconf 72' lang='lat' dir='ltr'>Prim.</span> <span class='ocrx_word' id='word_1_352' title='bbox 410 2400 460 2429; x_wconf 79' lang='lat' dir='ltr'>lin.</span> <span class='ocrx_word' id='word_1_353' title='bbox 483 2397 564 2439; x_wconf 61' lang='lat' dir='ltr'>phff</span> <span class='ocrx_word' id='word_1_354' title='bbox 582 2409 611 2429; x_wconf 85' lang='lat' dir='ltr'>n.</span> <span class='ocrx_word' id='word_1_355' title='bbox 635 2407 703 2433; x_wconf 72' lang='lat'>688.</span> <span class='ocrx_word' id='word_1_356' title='bbox 752 2421 757 2425; x_wconf 82' lang='lat'><strong>·</strong></span> 
     </span>
     <span class='ocr_line' id='line_1_38' title="bbox 210 2437 892 2484; baseline 0.015 -17"><span class='ocrx_word' id='word_1_357' title='bbox 210 2438 224 2471; x_wconf 87' lang='lat'>(</span> <span class='ocrx_word' id='word_1_358' title='bbox 240 2439 276 2474; x_wconf 84' lang='lat' dir='ltr'>i)</span> <span class='ocrx_word' id='word_1_359' title='bbox 300 2441 397 2479; x_wconf 74' lang='lat' dir='ltr'>Exper.</span> <span class='ocrx_word' id='word_1_360' title='bbox 407 2437 464 2480; x_wconf 64' lang='lat' dir='ltr'>fio·</span> <span class='ocrx_word' id='word_1_361' title='bbox 483 2443 518 2472; x_wconf 68' lang='lat' dir='ltr'>ies</span> <span class='ocrx_word' id='word_1_362' title='bbox 535 2447 616 2482; x_wconf 77' lang='lat' dir='ltr'>part.</span> <span class='ocrx_word' id='word_1_363' title='bbox 637 2445 762 2477; x_wconf 71' lang='lat' dir='ltr'>irricahl.</span> <span class='ocrx_word' id='word_1_364' title='bbox 790 2455 823 2484; x_wconf 83' lang='lat' dir='ltr'>p.</span> <span class='ocrx_word' id='word_1_365' title='bbox 843 2446 892 2484; x_wconf 77' lang='grc' dir='ltr'>4ξ.</span> 
     </span>
    </p>
   </div>
  </div>
 </body>
</html>
