1968 2706
450 146 942 192 DrvssRsrrATIS
988 143 1353 196 HUMossUM.
1654 159 1739 195 479

200 250 379 293 Omitto,
413 261 494 300 quae
523 251 576 286 vir
607 247 662 286 Cl.
690 248 737 286 de
759 244 1030 295 compositione
1059 243 1268 281 directionis
1298 235 1376 291 (l)
1405 239 1661 290 particuiarum
1691 255 1740 284 ex

115 310 236 349 cordis
267 311 400 346 viribus
427 311 462 346 Sc
487 307 698 346 adhaefionis
717 335 729 351 ‚
745 307 781 343 &
798 306 843 342 de
863 305 1007 352 angulis
1031 303 1197 340 vasorum
1227 299 1323 351 (m)
1343 313 1429 340 cum
1445 304 1580 340 truncis
1595 304 1705 344 habet
1724 334 1735 349 ,

115 382 195 420 quae
227 369 300 406 fere
331 370 502 406 omnibus
529 367 791 416 hypothesibus
831 364 1043 403 communia
1074 362 1166 411 sint,
1200 363 1435 415 propriaeque
1457 362 1523 400 viri
1550 362 1733 404 sententiae

116 429 206 466 nihil
235 427 394 473 addant,
427 429 634 468 demantve,

489 555 521 596 ἓ.
559 545 763 588 XXXV.
813 542 951 597 Qgtare
978 541 1140 585 admitti
1169 553 1347 601 nequent.

196 666 242 705 Et
264 668 387 716 primo
418 669 567 719 quidem
596 679 652 706 eas
678 678 808 706 omnes
828 666 1040 705 adhaefionis
1070 666 1219 714 majoris
1247 665 1293 702 ad
1315 664 1429 703 solida
1457 674 1613 716 corpora
1641 661 1731 702 dead

110 727 198 764 liora
225 728 323 775 leges
356 727 445 773 olim
483 730 704 766 accuratiora
735 726 879 777 physica
916 727 1168 776 experimenta
1203 725 1405 762 refutarunt
1437 724 1550 772 (n)„,
1596 724 1728 772 quibus

109 789 311 828 evincitur,
341 788 468 836 utique
494 789 538 826 ad
563 788 698 826 leviora
728 786 843 823 'solida
870 787 979 823 etiam
1007 785 1117 822 fluida
1138 783 1339 833 graviffima
1366 784 1546 822 adhaerere
1566 812 1575 826 ‚
1610 790 1651 818 ut
1681 783 1728 820 ad

109 848 243 882 vitrum
277 846 512 898 chartamque
540 854 735 895 argentum
768 847 913 888 vivum,
943 845 988 882 ad
1031 843 1197 881 eamdem
1237 843 1396 881 chartam
1438 841 1563 880 oleum
1591 843 1729 879 vitrioli

108 907 162 948 (ο
179 906 197 954 )
213 934 223 948 ,
257 906 302 942 ad
327 908 420 944 varia
445 908 554 944 etiam
577 904 749 943 levissima
776 916 933 955 corpora
960 905 1063 941 minii
1093 901 1290 940 balsamum
1310 928 1322 949 ‚
1360 903 1502 952 aiiaque
1529 900 1729 949 gravissima

105 966 294 1014 pigmenta
311 995 320 1008 ,
345 972 388 1003 ut
414 966 579 1004 stannum
598 977 646 1004 ex
663 965 816 1003 admisto
838 964 995 1015 plumbo
1021 964 1164 1012 gravius
1193 963 1237 1000 ad
1258 963 1372 1000 levius
1403 962 1568 999 stannum
1597 986 1608 1007 ‚
1633 959 1728 998 eiec-

105 1032 202 1061 trum
235 1036 283 1061 ex
312 1037 401 1062 auro
430 1038 516 1063 cum
543 1031 697 1074 argento
720 1024 828 1062 misto
856 1022 1104 1073 compositum
1122 1022 1167 1060 ad
1189 1029 1383 1071 argentum
1402 1051 1411 1065 ‚
1448 1032 1575 1060 aurum
1591 1020 1636 1057 ad
1655 1019 1726 1068 spi-

102 1085 214 1120 ritum
249 1084 398 1121 vitrioli.
462 1084 578 1122 Porro
600 1084 766 1134 alioquin
798 1095 843 1121 ex
873 1083 1108 1121 metallorum
1136 1081 1311 1131 exemplo
1334 1081 1441 1119 facile
1462 1080 1621 1122 constat,
1643 1091 1725 1127 gra-

103 1141 222 1180 viores
252 1142 428 1181 humores
449 1144 585 1182 leviora
600 1142 702 1181 firma
725 1154 881 1195 corpora
898 1143 1037 1180 solvere
1051 1171 1061 1186 ,
1086 1148 1126 1180 ut
1145 1142 1244 1179 idem
1271 1141 1421 1190 quidem
1446 1138 1579 1178 vitriofi
1600 1138 1727 1176 oleum

101 1211 220 1253 partes
247 1202 421 1240 animales
451 1202 602 1241 devorat
633 1202 723 1254 (p)
753 1212 764 1240 ε
798 1213 919 1251 neque
963 1208 1086 1239 tamen
1131 1202 1240 1238 etiam
1274 1202 1311 1237 in
1341 1200 1439 1238 hisce
1477 1199 1726 1238 solutionibus

100 1260 214 1299 ullam
241 1260 362 1310 legem
388 1261 706 1311 Hambergerianae
739 1260 892 1298 similem
920 1261 1099 1298 obtinere.
1150 1260 1246 1297 Nam
1280 1260 1427 1308 gravior
1462 1261 1547 1297 nitri
1579 1258 1724 1308 spiritus

99 1319 214 1358 levius
241 1328 435 1368 argentum
463 1321 666 1372 colliquat,
699 1319 816 1358 levior
839 1332 932 1370 aqua
961 1321 1059 1368 regia
1085 1320 1231 1368 gravius
1256 1331 1386 1356 aurum
1413 1316 1576 1356 diffolvit
1616 1318 1671 1372 (q
1690 1318 1721 1366 )‚

100 1379 212 1418 Nulla
229 1391 319 1428 ergo
343 1392 428 1418 cum
447 1380 566 1430 specie
588 1382 663 1419 veri
684 1380 757 1418 dici
772 1381 914 1432 potest,
936 1391 1093 1430 corpora
1113 1377 1222 1417 fluida
1247 1378 1293 1416 ad
1317 1379 1431 1416 levius
1455 1379 1613 1417 solidum
1642 1390 1724 1416 cor-

100 1451 169 1489 pus
199 1450 277 1476 non
306 1439 511 1485 adhaerere,
535 1441 571 1478 δε
598 1439 752 1493 perinde
786 1441 1043 1489 experimento
1070 1445 1254 1488 repugnat
1273 1467 1283 1482 ,
1312 1437 1627 1475 adhaerere-fluida
1665 1437 1725 1475 so·-

99 1499 182 1536 lidis
204 1510 250 1536 eo
285 1501 528 1548 pertinacius,
554 1513 631 1550 quo
669 1512 708 1538 ea
736 1498 850 1536 solida
875 1497 1137 1548 ponderosiora
1168 1497 1262 1535 fint:
1287 1509 1408 1547 neque
1437 1497 1587 1534 demum
1622 1495 1723 1534 fimi-

97 1558 219 1596 litudo
243 1559 451 1606 ponderum
474 1561 513 1597 in
537 1559 658 1598 fluidis
682 1566 791 1609 atque
813 1559 936 1596 solidis
959 1557 1162 1609 quidquam
1187 1558 1232 1596 ad
1267 1556 1472 1596 faciliorem
1496 1557 1720 1595 solutionem

98 1625 159 1655 aut
184 1617 377 1655 fortiorem
403 1619 649 1658 cohaefionem
670 1619 765 1656 facit.

185 1676 299 1715 Nunc
329 1678 355 1715 fi
371 1690 422 1716 eae
445 1677 544 1728 leges
565 1691 644 1717 non
666 1678 778 1715 firmae
792 1677 874 1715 sunt
888 1679 1042 1727 ,quibus
1062 1677 1116 1714 vir
1141 1676 1233 1714 oiim
1253 1678 1401 1715 acrioris
1427 1676 1589 1726 ingenii,
1610 1687 1722 1727 quam

98 1735 241 1779 timidi,
269 1736 367 1774 suam
401 1737 621 1787 hypothesin
651 1744 769 1775 totam
794 1737 1055 1788 superstruxit,
1085 1735 1268 1786 possemus
1299 1737 1450 1786 quidem
1481 1735 1622 1774 fufioris
1653 1735 1719 1773 dis>

97 1797 296 1843 putationis
326 1798 593 1845 compendium
617 1797 749 1835 facere.
801 1796 979 1833 Dandum
1010 1806 1132 1833 tamen
1161 1797 1199 1831 &
1232 1794 1310 1830 hoc
1345 1795 1515 1842 dignitati
1543 1794 1636 1837 viri,
1679 1801 1721 1832 ut

96 1864 162 1902 per
185 1851 324 1900 singula
354 1865 490 1891 eamus.
511 1850 517 1857 ’

185 1910 370 1949 Viscerum
389 1911 551 1960 specifica
563 1912 729 1963 pondera
746 1922 792 1949 eo
815 1911 931 1949 modo
954 1922 1030 1948 non
1047 1909 1140 1948 recte
1163 1907 1387 1947 definiuntur
1401 1937 1412 1954 ,
1427 1921 1504 1960 quo
1528 1910 1581 1947 vir
1599 1909 1722 1949 Cl.de÷-'

96 1970 200 2010 finire
215 1970 378 2022 suscepit.
402 1970 515 2011 Ponit
531 1972 628 2012 enim
645 1984 723 2011 rem
741 1973 892 2010 minime
909 1979 1065 2016 certam,
1081 1969 1200 2009 abacta
1211 1981 1277 2020 per
1297 1968 1578 2012 exsiccationem
1596 1981 1687 2018 aqua
1702 1997 1722 2014 ‚

1589 2039 1715 2069 veram

179 2147 243 2183 (ἱ)
268 2145 344 2179 Diff.
367 2147 418 2180 cit.
447 2159 476 2182 n.
503 2159 549 2188 ις.
577 2158 625 2186 17.
652 2153 706 2189 47ss

179 2191 262 2225 (m)
286 2190 362 2221 ibid.
390 2201 420 2223 n.
446 2202 472 2228 ς.
497 2202 544 2222 10.
577 2202 622 2222 11.
643 2194 700 2223 &c.
1512 2226 1528 2231 ,,

178 2231 251 2266 (n)
280 2230 311 2261 P.
331 2241 358 2261 v.
378 2231 413 2262 M
425 2243 449 2263 υ
460 2244 473 2263 s
486 2246 497 2263 s
510 2243 527 2262 c
540 2243 560 2263 a
573 2243 588 2262 ι
602 2243 624 2262 κ
636 2244 654 2263 B
669 2244 690 2265 a
702 2243 722 2263 ο
737 2241 753 2261 n
765 2241 781 2262 c
792 2243 813 2264 κ
839 2232 926 2263 Insiit.
947 2227 1085 2270 plvfitm:
1101 2241 1133 2271 p.
1152 2231 1224 2265 2672
1244 2235 1313 2265 258·
1332 2226 1496 2268 Francissw
1512 2231 1538 2258 h
1552 2237 1573 2259 Α
1585 2237 1614 2273 m
1626 2235 1646 2255 υ
1662 2233 1683 2255 ¹*-
1695 2232 1714 2254 E

93 2271 128 2299 de
146 2268 337 2308 ficretionum
358 2275 390 2303 in
409 2283 519 2314 corpore
539 2275 664 2305 humano
686 2277 718 2304 in
739 2273 923 2315 mechanisma
948 2285 976 2313 p.
996 2280 1042 2305 ιδ.
1067 2273 1114 2305 Cl.
1136 2273 1218 2306 enim
1239 2272 1297 2304 viri
1323 2282 1403 2312 opus
1423 2273 1484 2307 est,
1499 2269 1552 2302 etsi
1567 2267 1718 2301 aliudne-

94 2320 164 2342 men
190 2323 250 2351 prae
269 2314 298 2344 se
319 2316 388 2345 fert.
652 2350 655 2353 ,

179 2355 243 2390 (ο)
266 2355 324 2386 Vir
346 2353 394 2387 111.
419 2358 482 2387 Car.
499 2358 577 2396 Aug.
603 2365 620 2387 a
648 2356 732 2390 Bm
747 2356 953 2398 csnpefition
975 2367 1005 2396 p.
1026 2367 1075 2392 ¹9,

179 2397 246 2434 (p)
268 2396 357 2436 Resp.
379 2397 416 2427 ad
441 2397 678 2430 SAUVAGES
699 2399 813 2438 physio&
840 2411 869 2439 p.
900 2404 969 2433 189.

183 2438 250 2477 (9)
272 2437 340 2471 Cel.
363 2439 392 2471 Η
402 2449 426 2472 υ
439 2449 461 2470 N
474 2449 498 2472 D
511 2450 529 2472 x
543 2450 562 2471 x
575 2450 598 2472 ’r
613 2450 643 2472 m
653 2450 675 2472 A
686 2452 705 2473 ι
717 2450 739 2472 1<
760 2443 794 2474 de
810 2453 878 2474 vera
900 2442 1035 2472 mercurii
1066 2442 1173 2472 virtute
1197 2450 1227 2479 p,
1246 2441 1294 2476 13:
