1968 2706
267 175 349 213 232
439 153 591 202 LVL
626 144 811 199 SECT.
837 152 901 198 ΙΙ.
926 156 1272 200 SANGUINIS
1311 160 1422 202 PER
1458 163 1775 209 ARTERIAS

266 259 382 299 molle
411 257 595 308 superest,
623 255 662 294 id
686 267 705 293 a
737 254 958 294 vehemente
993 255 1116 294 cordis
1149 256 1319 306 impetu,
1362 269 1474 308 quem
1513 265 1760 309 potentiorem
1793 279 1890 306 nunc

267 320 415 360 sustinet
433 347 444 362 ,
467 317 663 359 deteritur,
684 314 888 353 diffolvitur
909 316 926 366 (
948 311 970 354 k
985 313 1000 365 )
1018 344 1027 359 ‚
1054 316 1091 353 in
1116 315 1237 354 ulcera
1253 317 1350 361 abit,
1380 319 1416 355 &
1433 319 1594 370 denique
1618 324 1665 359 ita
1685 325 1847 363 eroditur
1876 354 1888 374 ‚

267 388 311 419 ut
341 379 467 417 arteria
498 377 656 414 omnino
681 375 824 413 funesto
855 383 992 414 eventu
1023 375 1201 425 disrumpi
1237 376 1344 426 poffit
1370 372 1456 425 (l).
1522 377 1744 432 Exemplum
1783 386 1890 434 hujus

268 440 421 478 maximi
454 438 490 475 δε
517 436 719 486 frequentis
748 436 825 473 vitii
852 436 887 472 ἃ
913 434 986 484 ipse
1022 435 1095 472 vidi
1119 463 1129 478 ,
1160 436 1197 472 δε
1229 435 1290 474 alii
1317 432 1384 474 viri
1413 438 1592 477 clariffimi
1628 441 1890 492 descripserunt

269 501 343 550 (m
358 504 383 544 ).
434 497 587 549 Semper
618 505 766 541 autem,
787 501 965 546 quantum
1001 490 1073 543 ego
1101 494 1250 545 quidem
1288 498 1406 541 novi,
1444 497 1538 536 ossea
1563 507 1689 538 natura
1721 514 1804 540 cum
1838 516 1890 542 ar-

268 561 366 599 teriae
396 558 608 595 dilatatione
635 555 727 604 (n)
756 556 1017 603 conjungitur,
1037 562 1077 593 ut
1106 566 1125 592 a
1145 556 1264 593 cordis
1287 557 1430 605 impetu
1457 559 1492 595 ἃ
1510 558 1689 607 sanguinis
1717 562 1755 599 in
1777 575 1890 600 mern-

269 621 395 658 branas
415 615 551 655 arteriae
581 617 695 660 nixu,
721 623 919 665 utrumque
945 615 1074 652 vitium
1098 626 1340 654 communem
1370 617 1509 654 causam
1536 618 1669 658 habere
1693 621 1887 660 confirme-

269 688 341 717 tur.
403 677 459 716 Ad
481 676 580 714 idem
613 677 772 726 denique
810 675 923 723 majus
957 673 1214 724 aneurysmatis
1249 675 1454 727 periculum
1513 677 1651 716 Natura
1693 680 1884 732 respexit,

270 738 421 789 quando
446 737 622 774 nascentis
649 744 758 774 aortae
788 746 912 773 arcum
932 735 969 771 in
991 735 1224 773 convexitate
1244 733 1447 773 densiorem
1475 737 1594 785 (rvr)
1622 739 1708 778 fecit
1739 742 1774 777 &
1798 742 1889 778 ρης.

269 798 401 836 florem
429 793 533 847 (o),
566 797 688 835 Altera
727 795 827 834 sedes
857 793 1118 844 aneurysmatis
1146 794 1184 832 in
1214 806 1253 833 ea
1286 802 1386 844 parte
1426 806 1538 836 aortae
1568 800 1663 842 fuit,
1699 799 1743 838 ad
1778 812 1888 850 quarn

270 859 413 907 sanguis
444 857 488 896 ab
522 868 605 895 arcu
636 854 861 906 repercussus
900 853 1030 893 adlidit
1058 850 1167 908 (p).

753 979 785 1021 ς.
830 973 897 1012 VI.
957 968 1092 1013 Porro
1121 971 1386 1028 confirmatur.

353 1096 425 1136 Sed
452 1096 528 1134 aiiae
556 1097 665 1134 etiam
695 1092 804 1132 causae
835 1092 939 1136 sunt,
970 1091 1086 1140 magis
1117 1092 1276 1142 propriae
1304 1095 1468 1133 animato
1487 1095 1662 1145 corpori,
1691 1109 1769 1147 quae
1789 1098 1885 1146 pres-

265 1158 408 1197 sionem
435 1156 616 1205 sanguinis
647 1156 684 1191 in
710 1154 918 1190 arteriarum
942 1151 1053 1189 latera
1085 1150 1338 1190 determinant.
1373 1153 1443 1193 Eas
1467 1156 1584 1193 modo
1614 1157 1731 1205 tetigi.
1765 1157 1885 1194 Nem·

265 1231 314 1268 pe
343 1217 440 1255 unda
459 1217 559 1266 prior
576 1244 585 1259 ,
611 1226 656 1252 ex
682 1212 864 1263 prioribus
894 1212 1004 1249 nimis
1033 1222 1133 1248 nunc
1161 1211 1252 1261 saepe
1270 1215 1429 1262 repetitis
1445 1215 1606 1259 ,tardius
1641 1215 1758 1264 fugit,
1775 1227 1885 1265 quam

263 1278 424 1327 sequitur
453 1276 657 1326 posterior,
686 1273 807 1322 estque
833 1270 924 1309 adeo
956 1271 1043 1309 huic
1069 1270 1175 1309 undae
1200 1282 1269 1320 pro
1292 1273 1504 1318 obstaculo,
1528 1286 1612 1312 cum
1642 1287 1680 1312 ea
1708 1275 1884 1324 progredi

263 1344 454 1385 nequeat,
479 1334 541 1372 nisi
571 1336 733 1383 priorem
763 1331 974 1380 impulerit,
1012 1329 1151 1379 sibique
1179 1332 1274 1368 viam
1298 1336 1463 1382 coegerit
1486 1336 1646 1383 aperire,
1684 1334 1753 1372 ssve
1780 1336 1884 1385 quod

266 1396 399 1434 eodem
428 1396 550 1438 redit,
578 1405 654 1431 non
679 1394 755 1430 exit
779 1391 825 1429 de
850 1391 984 1429 uitiffa
1005 1390 1131 1427 arteria
1159 1399 1301 1428 tantum
1323 1392 1505 1441 sanguinis
1521 1420 1532 1437 ,
1559 1402 1736 1444 quantum
1767 1397 1882 1444 prima

264 1456 442 1504 cordique
470 1455 637 1504 proxima
669 1453 804 1489 arteriae
835 1452 942 1499 origo
967 1450 1115 1498 recepit.
1164 1449 1288 1496 Quare
1321 1452 1471 1497 denuo,
1496 1453 1651 1492 nascitur
1678 1455 1803 1491 eadem
1831 1466 1883 1491 re-

265 1527 345 1553 rum
369 1513 561 1558 conditio,
608 1524 715 1562 quam
741 1510 856 1549 modo
889 1509 1090 1561 proposui,
1110 1510 1153 1546 ἃ
1181 1510 1300 1562 potest
1325 1519 1401 1550 tota
1437 1511 1647 1553 arteriarum
1675 1512 1883 1551 universitas

1445 1588 1449 1592 ·
1811 1585 1881 1622 pro

351 1725 416 1761 (k)
433 1720 560 1763 opuscul.
569 1723 707 1760 patholog.
722 1721 784 1750 obs.
802 1730 812 1749 1
822 1725 899 1752 8.19.
912 1729 961 1754 47·
975 1714 1001 1746 C
1014 1725 1033 1745 ι
1046 1724 1064 1745 1
1077 1724 1096 1744 L
1107 1725 1126 1744 L
1147 1715 1168 1745 1.
1181 1725 1207 1745 C-
1222 1716 1267 1747 ΙΙΙ.
1281 1718 1301 1749 Ρ
1311 1731 1330 1750 t,
1341 1729 1362 1750 A
1372 1732 1393 1750 κ
1405 1731 1422 1750 c
1434 1731 1459 1752 U
1475 1732 1486 1751 s
1501 1722 1537 1750 de
1549 1721 1678 1761 monstris
1693 1721 1724 1752 in
1736 1718 1879 1760 fiphilicis

269 1769 373 1798 ulcera
398 1769 425 1797 6<
448 1765 579 1803 pustulas
595 1765 770 1801 frequentes
790 1760 916 1799 reperit.
952 1758 1032 1789 Inde
1058 1763 1150 1796 mpta
1173 1754 1299 1790 demum
1330 1762 1441 1793 arteria
1475 1764 1572 1793 homo
1607 1763 1699 1802 periit
1724 1762 1760 1793 M
1775 1772 1881 1794 xKEr,

267 1808 311 1842 T.
335 1808 407 1839 XII.
437 1809 530 1839 Mem.
546 1807 578 1835 de
601 1806 698 1836 Berlin
725 1813 755 1841 p.
778 1810 826 1833 62.
863 1807 909 1841 63.

351 1850 416 1886 (l)
443 1845 541 1887 Opusc.
561 1847 667 1884 pathol.
687 1846 748 1876 obs.
771 1855 818 1882 5¹·

352 1893 432 1927 (m)
453 1888 564 1920 Ciu?
579 1899 625 1918 nn
640 1897 663 1918 'r
706 1887 768 1917 obs.
800 1897 846 1923 ις.
878 1884 1136 1920 Βυνειυιιῑ
1160 1884 1244 1916 traite'
1268 1886 1314 1915 des
1344 1887 1479 1916 maladies
1507 1888 1553 1916 des
1575 1897 1602 1918 os
1625 1886 1657 1918 T
1692 1886 1733 1917 H.
1757 1897 1786 1925 p.
1813 1897 1882 1922 πῃ.

268 1932 445 1963 LAuors.
471 1933 504 1961 de
525 1932 605 1960 corde
625 1930 664 1966 ἒξ
684 1939 782 1959 aneur.
809 1938 839 1966 p.
864 1933 932 1962 218·
965 1938 1035 1964 232.
1059 1940 1129 1967 ²51·
1157 1927 1196 1959 ed
1222 1936 1295 1957 nox'.
1327 1925 1476 1957 Μειιι
1502 1931 1598 1959 medic.
1622 1927 1726 1968 {samin
1757 1939 1785 1966 p.
1813 1937 1879 1964 ης..

267 1974 387 2007 Hilioir.
412 1975 445 2003 de
464 1973 580 2004 l’Acad.
606 1980 701 2010 1701.
721 1981 749 2009 p.
772 1977 817 2001 28.
849 1968 885 1999 M
897 1979 914 1999 Ε
926 1981 947 2000 1(
960 1981 976 2000 E
988 1982 1008 2001 L
1026 1973 1050 2002 1.
1080 1982 1102 2001 c.
1127 1981 1159 2009 p.
1186 1979 1236 2005 44.
1258 1967 1289 1999 V
1302 1978 1321 1998 Α
1336 1977 1359 1998 Τ
1372 1979 1388 1998 E
1402 1979 1423 1999 R
1437 1970 1456 2000 l.
1477 1981 1501 2000 c.
1519 1971 1610 2002 Dsem
1623 1972 1655 1999 de
1673 1970 1787 2000 l'Acad.
1810 1970 1878 2005 Ray.

269 2018 314 2045 des
339 2015 442 2045 Scione.
468 2023 554 2051 1711..
580 2024 612 2053 p.
628 2024 677 2047 79.
700 2013 781 2051 seqq.
804 2020 894 2048 1733.
921 2011 1015 2043 VAr.
1028 2023 1044 2044 c
1058 2022 1080 2042 A
1094 2021 1177 2043 REN
1193 2020 1243 2041 Gn
1257 2021 1268 2039 1
1301 2009 1333 2039 in
1359 2010 1454 2046 histor.
1476 2010 1518 2041 II.
1552 2010 1580 2041 G
1594 2021 1662 2041 st
1681 2021 1696 2040 A
1714 2021 1728 2040 a
1743 2020 1765 2039 D
1796 2008 1880 2039 traice'

269 2059 316 2086 des
338 2059 432 2095 playes
457 2055 499 2087 T.
520 2054 560 2085 11.
585 2066 614 2094 p.
635 2065 705 2092 455.
739 2055 987 2084 SCARDONA
1008 2056 1103 2093 aphor.
1128 2055 1162 2084 de
1192 2050 1365 2091 cogntffceud.
1390 2052 1428 2088 &⁹
1458 2054 1578 2082 curand.
1601 2054 1690 2082 morl).
1723 2051 1764 2082 T.
1789 2050 1821 2082 ΙΙ.
1850 2061 1879 2088 p.

270 2104 316 2136 83.
343 2099 373 2127 in
393 2097 529 2127 thoracis
552 2097 689 2136 hydrope
712 2096 740 2126 H
753 2106 771 2126 x
785 2106 805 2125 w
818 2104 839 2124 1<
853 2105 901 2126 ΕΒ
929 2096 949 2126 l.
970 2107 995 2127 c.
1020 2106 1050 2135 p.
1076 2108 1123 2127 ιο.
1145 2095 1169 2125 F
1184 2107 1194 2125 1
1211 2105 1223 2124 s
1237 2105 1254 2124 c
1269 2105 1287 2122 H
1300 2104 1317 2123 Ε
1330 2103 1347 2121 R
1371 2093 1390 2122 1.
1407 2102 1432 2123 c,
1455 2104 1484 2132 p.
1505 2105 1551 2130 32.
1568 2093 1586 2123 S
1600 2105 1620 2123 H
1634 2105 1654 2123 A
1669 2103 1717 2124 Rp
1733 2104 1751 2122 E
1772 2098 1880 2129 oper-ct.

269 2150 303 2213 ξ
329 2149 394 2210 εἷς.
420 2142 563 2169 comment
581 2149 644 2168 nov.
664 2138 759 2170 Acad.
790 2138 899 2177 Petrop.
928 2138 968 2170 T.
992 2138 1053 2169 III.
1078 2149 1106 2178 p.
1131 2148 1200 2172 401.
1225 2145 1294 2171 40²·
1314 2133 1343 2164 D
1358 2143 1378 2165 Α
1391 2143 1415 2163 U
1430 2144 1448 2164 Β
1463 2145 1508 2164 Eu
1522 2144 1545 2165 ’r
1561 2145 1580 2165 o
1593 2147 1612 2165 Ν
1631 2135 1722 2174 histor.
1742 2134 1878 2165 naturell.

307 2204 313 2211 .
332 2181 347 2211 I
366 2180 382 2210 I
424 2191 441 2211 ³.
469 2187 534 2211 162.

352 2192 422 2258 (⁷13
446 2221 667 2261 Anenrysmata
689 2219 804 2251 arteriae
821 2219 902 2250 ossea
920 2222 992 2252 Phil.
1015 2219 1119 2260 Trans:
1139 2229 1167 2250 ιι.
1190 2226 1258 2252 269.
1279 2215 1315 2246 M
1328 2226 1347 2247 0
1363 2226 1425 2249 Ro.
1447 2215 1570 2256 Advens'.
1597 2216 1640 2247 11.
1658 2227 1687 2255 p.
1710 2221 1758 2250 8²·
1781 2215 1880 2247 Lu(-

272 2274 314 2294 cx
331 2275 353 2294 s.
384 2264 460 2302 post.
482 2265 502 2294 1.
528 2264 562 2294 (Ie
583 2269 666 2293 mort.
684 2260 776 2301 subit.
799 2262 858 2292 obs.
884 2266 912 2292 6.
937 2263 1088 2293 Mene
1114 2261 1134 2291 l.
1158 2271 1184 2291 c.
1208 2270 1237 2300 p.
1257 2265 1304 2295 46·-
1330 2269 1380 2292 47-
1501 2291 1505 2294 ,

354 2307 401 2341 (n
415 2305 432 2323 *
446 2308 459 2341 )
490 2306 536 2335 W
549 2317 561 2335 ι
573 2315 593 2334 N
606 2313 629 2334 'r
642 2315 661 2334 R
674 2314 685 2332 ι
696 2314 716 2332 >1
732 2313 749 2333 G
761 2315 778 2333 a
791 2313 811 2333 A
821 2313 850 2333 m
877 2304 955 2345 Exp.
982 2315 1027 2334 12.
1061 2315 1108 2340 13.
1141 2302 1190 2333 Ad
1215 2308 1359 2332 concavae
1390 2299 1488 2339 partis
1523 2299 1703 2330 denfitatem
1733 2307 1877 2328 convexae

273 2347 401 2378 denfitas
422 2347 449 2377 se
472 2348 564 2376 habet
593 2352 627 2376 ut
653 2351 700 2380 82.
723 2345 761 2374 ad
784 2352 831 2376 81.
854 2352 888 2375 ur
927 2359 972 2384 50.
994 2345 1033 2374 ad
1054 2355 1094 2382 49
1114 2346 1170 2375 dcc.
1805 2378 1810 2384 ι
1837 2378 1841 2383 ι

354 2390 420 2425 (ο)
450 2386 601 2419 Crassities
623 2396 768 2418 convexae
790 2386 883 2426 partis
908 2387 935 2419 se
957 2387 1048 2419 habet
1072 2386 1110 2417 ad
1131 2394 1278 2418 coucavae
1305 2382 1467 2416 craffitiem
1488 2380 1535 2414 uti
1559 2386 1576 2413 8
1609 2382 1647 2413 ad
1669 2390 1695 2420 7.
1717 2384 1773 2412 dcc.
1803 2379 1875 2409 ibid.

351 2433 416 2468 (p)
442 2429 600 2463 szssr.
626 2430 645 2459 l.
670 2439 695 2459 c.
719 2438 751 2467 p.
775 2439 824 2466 44.
