<?xml version="1.0" encoding="UTF-8"?>
<!DOCTYPE html PUBLIC "-//W3C//DTD XHTML 1.0 Transitional//EN"
    "http://www.w3.org/TR/xhtml1/DTD/xhtml1-transitional.dtd">
<html xmlns="http://www.w3.org/1999/xhtml" xml:lang="en" lang="en">
 <head>
  <title>
</title>
<meta http-equiv="Content-Type" content="text/html;charset=utf-8" />
  <meta name='ocr-system' content='tesseract 3.04.00' />
  <meta name='ocr-capabilities' content='ocr_page ocr_carea ocr_par ocr_line ocrx_word'/>
</head>
<body>
  <div class='ocr_page' id='page_1' title='image "./elementaphysiolo02hall_0243.png"; bbox 0 0 1968 2706; ppageno 0'>
   <div class='ocr_carea' id='block_1_1' title="bbox 537 146 1743 204">
    <p class='ocr_par' dir='ltr' id='par_1_1' title="bbox 537 146 1743 204">
     <span class='ocr_line' id='line_1_1' title="bbox 537 146 1743 204; baseline 0.005 -15"><span class='ocrx_word' id='word_1_1' title='bbox 537 146 798 193; x_wconf 74' lang='lat' dir='ltr'>&#39;&#39;MOTUS</span> <span class='ocrx_word' id='word_1_2' title='bbox 857 149 1244 193; x_wconf 63' lang='lat' dir='ltr'>LATERARIS„</span> <span class='ocrx_word' id='word_1_3' title='bbox 1323 147 1340 190; x_wconf 65' lang='grc' dir='ltr'>’ἶ</span> <span class='ocrx_word' id='word_1_4' title='bbox 1648 151 1743 204; x_wconf 56' lang='grc'>’327</span> 
     </span>
    </p>
   </div>
   <div class='ocr_carea' id='block_1_2' title="bbox 123 243 1742 823">
    <p class='ocr_par' dir='ltr' id='par_1_2' title="bbox 123 243 1742 823">
     <span class='ocr_line' id='line_1_2' title="bbox 127 243 1738 307; baseline 0.006 -26"><span class='ocrx_word' id='word_1_5' title='bbox 127 255 226 283; x_wconf 85' lang='lat' dir='ltr'>nunc</span> <span class='ocrx_word' id='word_1_6' title='bbox 252 243 334 287; x_wconf 83' lang='lat' dir='ltr'>fiat,</span> <span class='ocrx_word' id='word_1_7' title='bbox 371 245 664 285; x_wconf 83' lang='lat' dir='ltr'>membranarum</span> <span class='ocrx_word' id='word_1_8' title='bbox 697 258 786 283; x_wconf 84' lang='lat' dir='ltr'>vero</span> <span class='ocrx_word' id='word_1_9' title='bbox 817 247 985 286; x_wconf 75' lang='lat' dir='ltr'>craffities</span> <span class='ocrx_word' id='word_1_10' title='bbox 1003 260 1071 299; x_wconf 91' lang='lat' dir='ltr'>pro</span> <span class='ocrx_word' id='word_1_11' title='bbox 1099 249 1224 288; x_wconf 86' lang='lat' dir='ltr'>eadem</span> <span class='ocrx_word' id='word_1_12' title='bbox 1245 249 1418 300; x_wconf 79' lang='lat' dir='ltr'>portione</span> <span class='ocrx_word' id='word_1_13' title='bbox 1433 250 1619 289; x_wconf 85' lang='lat' dir='ltr'>minuatur</span> <span class='ocrx_word' id='word_1_14' title='bbox 1643 252 1738 307; x_wconf 82' lang='lat' dir='ltr'>(g).</span> 
     </span>
     <span class='ocr_line' id='line_1_3' title="bbox 125 301 1742 360; baseline 0.006 -19"><span class='ocrx_word' id='word_1_15' title='bbox 125 301 213 342; x_wconf 74' lang='lat' dir='ltr'>Hoc</span> <span class='ocrx_word' id='word_1_16' title='bbox 252 305 551 352; x_wconf 83' lang='lat' dir='ltr'>experimentum</span> <span class='ocrx_word' id='word_1_17' title='bbox 578 307 772 343; x_wconf 76' lang='lat' dir='ltr'>meditatus</span> <span class='ocrx_word' id='word_1_18' title='bbox 798 309 955 359; x_wconf 81' lang='lat' dir='ltr'>reperiet</span> <span class='ocrx_word' id='word_1_19' title='bbox 985 311 1135 358; x_wconf 87' lang='lat' dir='ltr'>utique,</span> <span class='ocrx_word' id='word_1_20' title='bbox 1160 311 1328 357; x_wconf 79' lang='lat' dir='ltr'>arterias,</span> <span class='ocrx_word' id='word_1_21' title='bbox 1359 311 1395 347; x_wconf 63' lang='grc' dir='ltr'>ὃς</span> <span class='ocrx_word' id='word_1_22' title='bbox 1425 322 1508 347; x_wconf 90' lang='lat' dir='ltr'>cum</span> <span class='ocrx_word' id='word_1_23' title='bbox 1526 323 1663 360; x_wconf 84' lang='lat' dir='ltr'>magno</span> <span class='ocrx_word' id='word_1_24' title='bbox 1685 314 1742 351; x_wconf 86' lang='lat' dir='ltr'>lu-</span> 
     </span>
     <span class='ocr_line' id='line_1_4' title="bbox 126 363 1736 421; baseline 0.006 -22"><span class='ocrx_word' id='word_1_25' title='bbox 126 364 226 400; x_wconf 86' lang='lat' dir='ltr'>mine</span> <span class='ocrx_word' id='word_1_26' title='bbox 250 363 374 412; x_wconf 83' lang='lat' dir='ltr'>plenas</span> <span class='ocrx_word' id='word_1_27' title='bbox 397 363 489 410; x_wconf 79' lang='lat' dir='ltr'>effe,</span> <span class='ocrx_word' id='word_1_28' title='bbox 525 364 562 401; x_wconf 70' lang='grc' dir='ltr'>δι</span> <span class='ocrx_word' id='word_1_29' title='bbox 591 377 675 402; x_wconf 90' lang='lat' dir='ltr'>cum</span> <span class='ocrx_word' id='word_1_30' title='bbox 703 376 815 412; x_wconf 78' lang='lat' dir='ltr'>parvo</span> <span class='ocrx_word' id='word_1_31' title='bbox 835 395 845 410; x_wconf 92' lang='lat'><strong>,</strong></span> <span class='ocrx_word' id='word_1_32' title='bbox 878 374 987 417; x_wconf 81' lang='lat' dir='ltr'>atque</span> <span class='ocrx_word' id='word_1_33' title='bbox 1015 368 1107 406; x_wconf 82' lang='lat' dir='ltr'>adeo</span> <span class='ocrx_word' id='word_1_34' title='bbox 1145 379 1212 417; x_wconf 90' lang='lat' dir='ltr'>pro</span> <span class='ocrx_word' id='word_1_35' title='bbox 1240 381 1280 407; x_wconf 87' lang='lat' dir='ltr'>ea</span> <span class='ocrx_word' id='word_1_36' title='bbox 1325 369 1498 419; x_wconf 82' lang='lat' dir='ltr'>portione</span> <span class='ocrx_word' id='word_1_37' title='bbox 1528 370 1736 421; x_wconf 82' lang='lat' dir='ltr'>sanguinis,</span> 
     </span>
     <span class='ocr_line' id='line_1_5' title="bbox 127 424 1739 479; baseline 0.006 -20"><span class='ocrx_word' id='word_1_38' title='bbox 127 433 236 471; x_wconf 83' lang='lat' dir='ltr'>qnam</span> <span class='ocrx_word' id='word_1_39' title='bbox 272 424 446 461; x_wconf 84' lang='lat' dir='ltr'>amittunt</span> <span class='ocrx_word' id='word_1_40' title='bbox 465 449 477 467; x_wconf 92' lang='lat'><em>‚</em></span> <span class='ocrx_word' id='word_1_41' title='bbox 509 424 635 461; x_wconf 82' lang='lat' dir='ltr'>laxatis</span> <span class='ocrx_word' id='word_1_42' title='bbox 661 426 863 475; x_wconf 76' lang='lat' dir='ltr'>parietibus</span> <span class='ocrx_word' id='word_1_43' title='bbox 887 428 1112 476; x_wconf 77' lang='lat' dir='ltr'>angustiores</span> <span class='ocrx_word' id='word_1_44' title='bbox 1139 428 1242 465; x_wconf 84' lang='lat' dir='ltr'>reddi</span> <span class='ocrx_word' id='word_1_45' title='bbox 1269 458 1278 472; x_wconf 89' lang='lat'>‚</span> <span class='ocrx_word' id='word_1_46' title='bbox 1303 429 1500 479; x_wconf 84' lang='lat' dir='ltr'>lumenque</span> <span class='ocrx_word' id='word_1_47' title='bbox 1529 431 1577 468; x_wconf 88' lang='lat' dir='ltr'>ita</span> <span class='ocrx_word' id='word_1_48' title='bbox 1600 432 1739 470; x_wconf 85' lang='lat' dir='ltr'>decres-</span> 
     </span>
     <span class='ocr_line' id='line_1_6' title="bbox 127 483 1738 531; baseline 0.007 -13"><span class='ocrx_word' id='word_1_49' title='bbox 127 492 236 525; x_wconf 82' lang='lat' dir='ltr'>cere,</span> <span class='ocrx_word' id='word_1_50' title='bbox 268 493 313 518; x_wconf 92' lang='lat' dir='ltr'>ne</span> <span class='ocrx_word' id='word_1_51' title='bbox 345 483 544 531; x_wconf 81' lang='lat' dir='ltr'>quidquam</span> <span class='ocrx_word' id='word_1_52' title='bbox 576 484 683 520; x_wconf 86' lang='lat' dir='ltr'>inane</span> <span class='ocrx_word' id='word_1_53' title='bbox 709 486 746 521; x_wconf 90' lang='lat' dir='ltr'>in</span> <span class='ocrx_word' id='word_1_54' title='bbox 775 497 899 523; x_wconf 85' lang='lat' dir='ltr'>earum</span> <span class='ocrx_word' id='word_1_55' title='bbox 929 488 1024 525; x_wconf 82' lang='lat' dir='ltr'>tubis</span> <span class='ocrx_word' id='word_1_56' title='bbox 1056 485 1105 524; x_wconf 84' lang='lat' dir='ltr'>fit.</span> <span class='ocrx_word' id='word_1_57' title='bbox 1142 486 1179 524; x_wconf 90' lang='lat' dir='ltr'>Si</span> <span class='ocrx_word' id='word_1_58' title='bbox 1204 489 1240 524; x_wconf 92' lang='lat' dir='ltr'>in</span> <span class='ocrx_word' id='word_1_59' title='bbox 1274 488 1470 526; x_wconf 87' lang='lat' dir='ltr'>hominum</span> <span class='ocrx_word' id='word_1_60' title='bbox 1504 490 1738 529; x_wconf 81' lang='lat' dir='ltr'>cadaveribus</span> 
     </span>
     <span class='ocr_line' id='line_1_7' title="bbox 127 540 1738 597; baseline 0.007 -21"><span class='ocrx_word' id='word_1_61' title='bbox 127 540 208 587; x_wconf 85' lang='lat' dir='ltr'>post</span> <span class='ocrx_word' id='word_1_62' title='bbox 234 541 374 578; x_wconf 86' lang='lat' dir='ltr'>iteratas</span> <span class='ocrx_word' id='word_1_63' title='bbox 404 554 578 580; x_wconf 83' lang='lat' dir='ltr'>venarum</span> <span class='ocrx_word' id='word_1_64' title='bbox 604 542 822 587; x_wconf 82' lang='lat' dir='ltr'>incisiones,</span> <span class='ocrx_word' id='word_1_65' title='bbox 853 547 888 582; x_wconf 62' lang='grc' dir='ltr'>ὃς</span> <span class='ocrx_word' id='word_1_66' title='bbox 919 548 1060 583; x_wconf 74' lang='lat' dir='ltr'>arterias</span> <span class='ocrx_word' id='word_1_67' title='bbox 1089 546 1125 582; x_wconf 71' lang='grc' dir='ltr'>δε</span> <span class='ocrx_word' id='word_1_68' title='bbox 1150 558 1257 584; x_wconf 83' lang='lat' dir='ltr'>venas</span> <span class='ocrx_word' id='word_1_69' title='bbox 1278 559 1404 586; x_wconf 77' lang='lat' dir='ltr'>vacuas</span> <span class='ocrx_word' id='word_1_70' title='bbox 1433 558 1671 597; x_wconf 75' lang='lat' dir='ltr'>repererunt,</span> <span class='ocrx_word' id='word_1_71' title='bbox 1698 558 1738 587; x_wconf 89' lang='lat' dir='ltr'>ut</span> 
     </span>
     <span class='ocr_line' id='line_1_8' title="bbox 126 598 1739 657; baseline 0.008 -22"><span class='ocrx_word' id='word_1_72' title='bbox 126 598 317 636; x_wconf 89' lang='lat' dir='ltr'>modicum</span> <span class='ocrx_word' id='word_1_73' title='bbox 352 600 457 640; x_wconf 43' lang='lat' dir='ltr'>craffi*</span> <span class='ocrx_word' id='word_1_74' title='bbox 482 602 664 650; x_wconf 76' lang='lat' dir='ltr'>sanguinis</span> <span class='ocrx_word' id='word_1_75' title='bbox 696 604 733 639; x_wconf 81' lang='lat' dir='ltr'>in</span> <span class='ocrx_word' id='word_1_76' title='bbox 756 604 883 643; x_wconf 72' lang='lat' dir='ltr'>dextra</span> <span class='ocrx_word' id='word_1_77' title='bbox 916 618 1000 643; x_wconf 85' lang='lat' dir='ltr'>aure</span> <span class='ocrx_word' id='word_1_78' title='bbox 1029 602 1322 655; x_wconf 57' lang='lat' dir='ltr'>supereffetflz)</span> <span class='ocrx_word' id='word_1_79' title='bbox 1350 621 1357 644; x_wconf 82' lang='lat'>2</span> <span class='ocrx_word' id='word_1_80' title='bbox 1390 606 1553 657; x_wconf 74' lang='lat' dir='ltr'>fipaffim</span> <span class='ocrx_word' id='word_1_81' title='bbox 1572 609 1739 648; x_wconf 84' lang='lat' dir='ltr'>inanium</span> 
     </span>
     <span class='ocr_line' id='line_1_9' title="bbox 124 660 1737 714; baseline 0.007 -19"><span class='ocrx_word' id='word_1_82' title='bbox 124 660 332 695; x_wconf 80' lang='lat' dir='ltr'>arteriarum</span> <span class='ocrx_word' id='word_1_83' title='bbox 362 662 514 699; x_wconf 84' lang='lat' dir='ltr'>recurrit</span> <span class='ocrx_word' id='word_1_84' title='bbox 555 664 732 699; x_wconf 81' lang='lat' dir='ltr'>memoria</span> <span class='ocrx_word' id='word_1_85' title='bbox 764 662 863 711; x_wconf 76' lang='lat' dir='ltr'><em>(i),</em></span> <span class='ocrx_word' id='word_1_86' title='bbox 902 666 1024 713; x_wconf 87' lang='lat' dir='ltr'>potuit</span> <span class='ocrx_word' id='word_1_87' title='bbox 1045 667 1171 714; x_wconf 88' lang='lat' dir='ltr'>utique</span> <span class='ocrx_word' id='word_1_88' title='bbox 1202 667 1240 703; x_wconf 89' lang='lat' dir='ltr'>in</span> <span class='ocrx_word' id='word_1_89' title='bbox 1273 667 1446 705; x_wconf 85' lang='lat' dir='ltr'>cadavere</span> <span class='ocrx_word' id='word_1_90' title='bbox 1484 668 1604 705; x_wconf 78' lang='lat' dir='ltr'>laxata</span> <span class='ocrx_word' id='word_1_91' title='bbox 1648 677 1737 706; x_wconf 69' lang='lat' dir='ltr'>arte-</span> 
     </span>
     <span class='ocr_line' id='line_1_10' title="bbox 124 717 1737 774; baseline 0.009 -22"><span class='ocrx_word' id='word_1_92' title='bbox 124 717 257 755; x_wconf 80' lang='lat' dir='ltr'>riarum</span> <span class='ocrx_word' id='word_1_93' title='bbox 280 725 408 757; x_wconf 84' lang='lat' dir='ltr'>natura</span> <span class='ocrx_word' id='word_1_94' title='bbox 442 720 600 769; x_wconf 83' lang='lat' dir='ltr'>speciem</span> <span class='ocrx_word' id='word_1_95' title='bbox 629 723 808 759; x_wconf 78' lang='lat' dir='ltr'>inanitatis</span> <span class='ocrx_word' id='word_1_96' title='bbox 834 724 967 762; x_wconf 80' lang='lat' dir='ltr'>referre</span> <span class='ocrx_word' id='word_1_97' title='bbox 996 750 1007 769; x_wconf 85' lang='lat'>,</span> <span class='ocrx_word' id='word_1_98' title='bbox 1032 736 1110 774; x_wconf 78' lang='lat' dir='ltr'>quae</span> <span class='ocrx_word' id='word_1_99' title='bbox 1136 726 1174 761; x_wconf 91' lang='lat' dir='ltr'>in</span> <span class='ocrx_word' id='word_1_100' title='bbox 1192 726 1276 764; x_wconf 90' lang='lat' dir='ltr'>vivo</span> <span class='ocrx_word' id='word_1_101' title='bbox 1294 726 1446 765; x_wconf 87' lang='lat' dir='ltr'>homine</span> <span class='ocrx_word' id='word_1_102' title='bbox 1464 755 1473 770; x_wconf 91' lang='lat'>,</span> <span class='ocrx_word' id='word_1_103' title='bbox 1495 726 1581 764; x_wconf 85' lang='lat' dir='ltr'>dum</span> <span class='ocrx_word' id='word_1_104' title='bbox 1599 727 1737 767; x_wconf 82' lang='lat' dir='ltr'>firmior</span> 
     </span>
     <span class='ocr_line' id='line_1_11' title="bbox 123 773 931 823; baseline 0.007 -9"><span class='ocrx_word' id='word_1_105' title='bbox 123 773 156 814; x_wconf 77' lang='lat' dir='ltr'>se</span> <span class='ocrx_word' id='word_1_106' title='bbox 186 778 311 816; x_wconf 82' lang='lat' dir='ltr'>arteria</span> <span class='ocrx_word' id='word_1_107' title='bbox 340 777 530 823; x_wconf 83' lang='lat' dir='ltr'>sustinuit,</span> <span class='ocrx_word' id='word_1_108' title='bbox 569 781 669 819; x_wconf 82' lang='lat' dir='ltr'>nulla</span> <span class='ocrx_word' id='word_1_109' title='bbox 701 781 778 819; x_wconf 84' lang='lat' dir='ltr'>fuit.</span> <span class='ocrx_word' id='word_1_110' title='bbox 929 780 931 783; x_wconf 80' lang='grc'><strong>’</strong></span> 
     </span>
    </p>
   </div>
   <div class='ocr_carea' id='block_1_3' title="bbox 412 897 1453 959">
    <p class='ocr_par' dir='ltr' id='par_1_3' title="bbox 412 897 1453 959">
     <span class='ocr_line' id='line_1_12' title="bbox 412 897 1453 959; baseline 0.008 -25"><span class='ocrx_word' id='word_1_111' title='bbox 412 902 446 944; x_wconf 65' lang='grc' dir='ltr'>ἓ.</span> <span class='ocrx_word' id='word_1_112' title='bbox 481 897 551 937; x_wconf 90' lang='grc' dir='ltr'><strong>ΙΙΙ.</strong></span> <span class='ocrx_word' id='word_1_113' title='bbox 595 897 761 955; x_wconf 75' lang='lat' dir='ltr'>Sanguis</span> <span class='ocrx_word' id='word_1_114' title='bbox 789 897 962 959; x_wconf 70' lang='lat' dir='ltr'>impulsio</span> <span class='ocrx_word' id='word_1_115' title='bbox 1001 899 1049 942; x_wconf 78' lang='lat' dir='ltr'>ab</span> <span class='ocrx_word' id='word_1_116' title='bbox 1080 900 1185 943; x_wconf 80' lang='lat' dir='ltr'>unda</span> <span class='ocrx_word' id='word_1_117' title='bbox 1226 899 1453 959; x_wconf 73' lang='lat' dir='ltr'>instquente.</span> 
     </span>
    </p>
   </div>
   <div class='ocr_carea' id='block_1_4' title="bbox 111 1011 1784 2012">
    <p class='ocr_par' dir='ltr' id='par_1_4' title="bbox 111 1011 1784 1963">
     <span class='ocr_line' id='line_1_13' title="bbox 210 1011 1735 1074; baseline 0.009 -25"><span class='ocrx_word' id='word_1_118' title='bbox 210 1011 246 1049; x_wconf 93' lang='lat' dir='ltr'>Si</span> <span class='ocrx_word' id='word_1_119' title='bbox 267 1015 394 1051; x_wconf 82' lang='lat' dir='ltr'>arteria</span> <span class='ocrx_word' id='word_1_120' title='bbox 415 1023 514 1054; x_wconf 83' lang='lat' dir='ltr'>aorta</span> <span class='ocrx_word' id='word_1_121' title='bbox 544 1018 650 1066; x_wconf 83' lang='lat' dir='ltr'>plena</span> <span class='ocrx_word' id='word_1_122' title='bbox 672 1020 721 1057; x_wconf 87' lang='lat' dir='ltr'>est</span> <span class='ocrx_word' id='word_1_123' title='bbox 738 1049 746 1063; x_wconf 95' lang='lat'>‚</span> <span class='ocrx_word' id='word_1_124' title='bbox 773 1021 962 1070; x_wconf 88' lang='lat' dir='ltr'>novusque</span> <span class='ocrx_word' id='word_1_125' title='bbox 987 1020 1128 1070; x_wconf 66' lang='lat' dir='ltr'>languis</span> <span class='ocrx_word' id='word_1_126' title='bbox 1154 1023 1189 1059; x_wconf 89' lang='lat' dir='ltr'>in</span> <span class='ocrx_word' id='word_1_127' title='bbox 1216 1023 1360 1071; x_wconf 76' lang='lat' dir='ltr'>plenam</span> <span class='ocrx_word' id='word_1_128' title='bbox 1387 1025 1551 1061; x_wconf 84' lang='lat' dir='ltr'>arteriam</span> <span class='ocrx_word' id='word_1_129' title='bbox 1585 1026 1735 1074; x_wconf 85' lang='lat' dir='ltr'>projici-</span> 
     </span>
     <span class='ocr_line' id='line_1_14' title="bbox 122 1071 1734 1134; baseline 0.01 -27"><span class='ocrx_word' id='word_1_130' title='bbox 122 1077 204 1114; x_wconf 91' lang='lat' dir='ltr'>tur,</span> <span class='ocrx_word' id='word_1_131' title='bbox 230 1071 387 1120; x_wconf 78' lang='lat' dir='ltr'>superest</span> <span class='ocrx_word' id='word_1_132' title='bbox 419 1083 459 1112; x_wconf 91' lang='lat' dir='ltr'>ut</span> <span class='ocrx_word' id='word_1_133' title='bbox 490 1077 517 1112; x_wconf 88' lang='lat' dir='ltr'>is</span> <span class='ocrx_word' id='word_1_134' title='bbox 545 1076 710 1125; x_wconf 84' lang='lat' dir='ltr'>sanguis,</span> <span class='ocrx_word' id='word_1_135' title='bbox 739 1082 815 1128; x_wconf 62' lang='lat' dir='ltr'>quig</span> <span class='ocrx_word' id='word_1_136' title='bbox 837 1091 936 1117; x_wconf 89' lang='lat' dir='ltr'>nunc</span> <span class='ocrx_word' id='word_1_137' title='bbox 969 1083 1005 1118; x_wconf 88' lang='lat' dir='ltr'>in</span> <span class='ocrx_word' id='word_1_138' title='bbox 1039 1082 1165 1118; x_wconf 79' lang='lat' dir='ltr'>arteria</span> <span class='ocrx_word' id='word_1_139' title='bbox 1199 1083 1248 1118; x_wconf 84' lang='lat' dir='ltr'>est</span> <span class='ocrx_word' id='word_1_140' title='bbox 1272 1112 1282 1125; x_wconf 85' lang='lat'>,</span> <span class='ocrx_word' id='word_1_141' title='bbox 1322 1083 1426 1120; x_wconf 83' lang='lat' dir='ltr'>cedat</span> <span class='ocrx_word' id='word_1_142' title='bbox 1453 1085 1590 1132; x_wconf 89' lang='lat' dir='ltr'>priori,</span> <span class='ocrx_word' id='word_1_143' title='bbox 1625 1092 1734 1134; x_wconf 89' lang='lat' dir='ltr'>atque</span> 
     </span>
     <span class='ocr_line' id='line_1_15' title="bbox 120 1130 1734 1190; baseline 0.01 -25"><span class='ocrx_word' id='word_1_144' title='bbox 120 1130 164 1166; x_wconf 88' lang='lat' dir='ltr'>ab</span> <span class='ocrx_word' id='word_1_145' title='bbox 195 1142 241 1171; x_wconf 84' lang='lat' dir='ltr'>eo</span> <span class='ocrx_word' id='word_1_146' title='bbox 264 1132 482 1180; x_wconf 75' lang='lat' dir='ltr'>impellatur.</span> <span class='ocrx_word' id='word_1_147' title='bbox 534 1135 622 1174; x_wconf 89' lang='lat' dir='ltr'>Non</span> <span class='ocrx_word' id='word_1_148' title='bbox 666 1146 815 1185; x_wconf 84' lang='lat' dir='ltr'>oportet</span> <span class='ocrx_word' id='word_1_149' title='bbox 859 1138 1085 1178; x_wconf 77' lang='lat' dir='ltr'>diilimulaffe</span> <span class='ocrx_word' id='word_1_150' title='bbox 1116 1152 1200 1178; x_wconf 79' lang='lat' dir='ltr'>eum</span> <span class='ocrx_word' id='word_1_151' title='bbox 1237 1141 1408 1189; x_wconf 81' lang='lat' dir='ltr'>quidem,</span> <span class='ocrx_word' id='word_1_152' title='bbox 1441 1144 1503 1190; x_wconf 86' lang='lat' dir='ltr'>qui</span> <span class='ocrx_word' id='word_1_153' title='bbox 1529 1155 1628 1180; x_wconf 87' lang='lat' dir='ltr'>nunc</span> <span class='ocrx_word' id='word_1_154' title='bbox 1654 1156 1734 1181; x_wconf 83' lang='lat' dir='ltr'>aor-</span> 
     </span>
     <span class='ocr_line' id='line_1_16' title="bbox 120 1189 1732 1251; baseline 0.011 -27"><span class='ocrx_word' id='word_1_155' title='bbox 120 1195 193 1225; x_wconf 81' lang='lat' dir='ltr'>tam</span> <span class='ocrx_word' id='word_1_156' title='bbox 220 1189 364 1238; x_wconf 89' lang='lat' dir='ltr'>replet,</span> <span class='ocrx_word' id='word_1_157' title='bbox 403 1192 616 1242; x_wconf 83' lang='lat' dir='ltr'>sanguinem</span> <span class='ocrx_word' id='word_1_158' title='bbox 640 1208 716 1234; x_wconf 82' lang='lat' dir='ltr'>non</span> <span class='ocrx_word' id='word_1_159' title='bbox 747 1200 913 1247; x_wconf 89' lang='lat' dir='ltr'>quietum</span> <span class='ocrx_word' id='word_1_160' title='bbox 940 1199 1007 1237; x_wconf 87' lang='lat' dir='ltr'>effe</span> <span class='ocrx_word' id='word_1_161' title='bbox 1026 1229 1035 1243; x_wconf 89' lang='lat'>‚</span> <span class='ocrx_word' id='word_1_162' title='bbox 1064 1199 1123 1237; x_wconf 91' lang='lat' dir='ltr'>sed</span> <span class='ocrx_word' id='word_1_163' title='bbox 1155 1207 1259 1237; x_wconf 88' lang='lat' dir='ltr'>motu</span> <span class='ocrx_word' id='word_1_164' title='bbox 1287 1204 1324 1237; x_wconf 89' lang='lat' dir='ltr'>in</span> <span class='ocrx_word' id='word_1_165' title='bbox 1358 1200 1539 1249; x_wconf 86' lang='lat' dir='ltr'>prioribus</span> <span class='ocrx_word' id='word_1_166' title='bbox 1568 1202 1732 1251; x_wconf 82' lang='lat' dir='ltr'>pulsibus</span> 
     </span>
     <span class='ocr_line' id='line_1_17' title="bbox 119 1248 1732 1309; baseline 0.009 -25"><span class='ocrx_word' id='word_1_167' title='bbox 119 1259 137 1284; x_wconf 81' lang='lat' dir='ltr'>a</span> <span class='ocrx_word' id='word_1_168' title='bbox 172 1248 283 1287; x_wconf 86' lang='lat' dir='ltr'>corde</span> <span class='ocrx_word' id='word_1_169' title='bbox 319 1259 472 1300; x_wconf 82' lang='lat' dir='ltr'>accepto</span> <span class='ocrx_word' id='word_1_170' title='bbox 498 1255 689 1293; x_wconf 88' lang='lat' dir='ltr'>incitatum</span> <span class='ocrx_word' id='word_1_171' title='bbox 723 1257 859 1305; x_wconf 77' lang='lat' dir='ltr'>sugere.</span> <span class='ocrx_word' id='word_1_172' title='bbox 911 1258 946 1295; x_wconf 89' lang='lat' dir='ltr'>Si</span> <span class='ocrx_word' id='word_1_173' title='bbox 965 1259 1125 1297; x_wconf 87' lang='lat' dir='ltr'>velocius</span> <span class='ocrx_word' id='word_1_174' title='bbox 1142 1260 1308 1308; x_wconf 84' lang='lat' dir='ltr'>fugeret,</span> <span class='ocrx_word' id='word_1_175' title='bbox 1327 1273 1436 1309; x_wconf 85' lang='lat' dir='ltr'>quarn</span> <span class='ocrx_word' id='word_1_176' title='bbox 1458 1273 1587 1298; x_wconf 83' lang='lat' dir='ltr'>novaa</span> <span class='ocrx_word' id='word_1_177' title='bbox 1619 1263 1732 1299; x_wconf 88' lang='lat' dir='ltr'>corde</span> 
     </span>
     <span class='ocr_line' id='line_1_18' title="bbox 119 1307 1730 1369; baseline 0.009 -25"><span class='ocrx_word' id='word_1_178' title='bbox 119 1307 215 1344; x_wconf 80' lang='lat' dir='ltr'>unda</span> <span class='ocrx_word' id='word_1_179' title='bbox 238 1309 463 1359; x_wconf 71' lang='lat' dir='ltr'>insequitur,</span> <span class='ocrx_word' id='word_1_180' title='bbox 494 1316 623 1363; x_wconf 89' lang='lat' dir='ltr'>utique</span> <span class='ocrx_word' id='word_1_181' title='bbox 655 1328 731 1354; x_wconf 89' lang='lat' dir='ltr'>non</span> <span class='ocrx_word' id='word_1_182' title='bbox 760 1317 1019 1363; x_wconf 80' lang='lat' dir='ltr'>percelleretur</span> <span class='ocrx_word' id='word_1_183' title='bbox 1059 1320 1102 1356; x_wconf 80' lang='lat' dir='ltr'>ab</span> <span class='ocrx_word' id='word_1_184' title='bbox 1127 1331 1164 1356; x_wconf 83' lang='lat' dir='ltr'>ea</span> <span class='ocrx_word' id='word_1_185' title='bbox 1191 1332 1284 1357; x_wconf 88' lang='lat' dir='ltr'>nova</span> <span class='ocrx_word' id='word_1_186' title='bbox 1317 1320 1439 1363; x_wconf 83' lang='lat' dir='ltr'>unda,</span> <span class='ocrx_word' id='word_1_187' title='bbox 1469 1321 1505 1357; x_wconf 67' lang='grc' dir='ltr'>ἃ</span> <span class='ocrx_word' id='word_1_188' title='bbox 1538 1321 1730 1369; x_wconf 71' lang='lat' dir='ltr'>superesset</span> 
     </span>
     <span class='ocr_line' id='line_1_19' title="bbox 118 1368 1730 1429; baseline 0.012 -28"><span class='ocrx_word' id='word_1_189' title='bbox 118 1377 197 1402; x_wconf 84' lang='lat' dir='ltr'>eam</span> <span class='ocrx_word' id='word_1_190' title='bbox 225 1368 318 1405; x_wconf 86' lang='lat' dir='ltr'>inter</span> <span class='ocrx_word' id='word_1_191' title='bbox 340 1372 576 1421; x_wconf 87' lang='lat' dir='ltr'>prioremque</span> <span class='ocrx_word' id='word_1_192' title='bbox 615 1375 798 1424; x_wconf 79' lang='lat' dir='ltr'>sanguinis</span> <span class='ocrx_word' id='word_1_193' title='bbox 826 1377 1035 1415; x_wconf 85' lang='lat' dir='ltr'>columnam</span> <span class='ocrx_word' id='word_1_194' title='bbox 1078 1380 1183 1415; x_wconf 84' lang='lat' dir='ltr'>inane</span> <span class='ocrx_word' id='word_1_195' title='bbox 1216 1379 1369 1427; x_wconf 72' lang='lat' dir='ltr'>spatium</span> <span class='ocrx_word' id='word_1_196' title='bbox 1391 1409 1401 1422; x_wconf 89' lang='lat'>‚</span> <span class='ocrx_word' id='word_1_197' title='bbox 1434 1381 1471 1415; x_wconf 91' lang='lat' dir='ltr'>in</span> <span class='ocrx_word' id='word_1_198' title='bbox 1502 1380 1604 1429; x_wconf 91' lang='lat' dir='ltr'>quod</span> <span class='ocrx_word' id='word_1_199' title='bbox 1633 1392 1730 1420; x_wconf 79' lang='lat' dir='ltr'>nova</span> 
     </span>
     <span class='ocr_line' id='line_1_20' title="bbox 117 1427 1729 1488; baseline 0.01 -27"><span class='ocrx_word' id='word_1_200' title='bbox 117 1436 156 1462; x_wconf 87' lang='lat' dir='ltr'>ea</span> <span class='ocrx_word' id='word_1_201' title='bbox 183 1427 279 1464; x_wconf 88' lang='lat' dir='ltr'>unda</span> <span class='ocrx_word' id='word_1_202' title='bbox 309 1429 438 1478; x_wconf 87' lang='lat' dir='ltr'>absque</span> <span class='ocrx_word' id='word_1_203' title='bbox 465 1432 654 1472; x_wconf 86' lang='lat' dir='ltr'>obstaculo</span> <span class='ocrx_word' id='word_1_204' title='bbox 692 1435 724 1472; x_wconf 82' lang='lat' dir='ltr'>se</span> <span class='ocrx_word' id='word_1_205' title='bbox 760 1435 991 1474; x_wconf 83' lang='lat' dir='ltr'>diffunderet-</span> <span class='ocrx_word' id='word_1_206' title='bbox 1056 1436 1195 1475; x_wconf 84' lang='lat' dir='ltr'>Verum</span> <span class='ocrx_word' id='word_1_207' title='bbox 1241 1438 1465 1476; x_wconf 88' lang='lat' dir='ltr'>ostendimus</span> <span class='ocrx_word' id='word_1_208' title='bbox 1492 1436 1542 1488; x_wconf 77' lang='lat' dir='ltr'>(k</span> <span class='ocrx_word' id='word_1_209' title='bbox 1561 1443 1602 1485; x_wconf 90' lang='lat'>)‚</span> <span class='ocrx_word' id='word_1_210' title='bbox 1628 1440 1729 1477; x_wconf 88' lang='lat' dir='ltr'>velo-</span> 
     </span>
     <span class='ocr_line' id='line_1_21' title="bbox 114 1486 1729 1546; baseline 0.011 -27"><span class='ocrx_word' id='word_1_211' title='bbox 114 1486 190 1521; x_wconf 88' lang='lat' dir='ltr'>cius</span> <span class='ocrx_word' id='word_1_212' title='bbox 210 1487 369 1534; x_wconf 85' lang='lat' dir='ltr'>priorem</span> <span class='ocrx_word' id='word_1_213' title='bbox 395 1490 528 1527; x_wconf 84' lang='lat' dir='ltr'>undam</span> <span class='ocrx_word' id='word_1_214' title='bbox 546 1505 622 1529; x_wconf 90' lang='lat' dir='ltr'>non</span> <span class='ocrx_word' id='word_1_215' title='bbox 639 1494 767 1542; x_wconf 85' lang='lat' dir='ltr'>fugere</span> <span class='ocrx_word' id='word_1_216' title='bbox 783 1523 792 1536; x_wconf 90' lang='lat'><strong>‚</strong></span> <span class='ocrx_word' id='word_1_217' title='bbox 811 1507 896 1532; x_wconf 89' lang='lat' dir='ltr'>cum</span> <span class='ocrx_word' id='word_1_218' title='bbox 923 1508 983 1539; x_wconf 83' lang='lat' dir='ltr'>ea,</span> <span class='ocrx_word' id='word_1_219' title='bbox 1009 1509 1087 1546; x_wconf 87' lang='lat' dir='ltr'>quae</span> <span class='ocrx_word' id='word_1_220' title='bbox 1108 1509 1202 1534; x_wconf 86' lang='lat' dir='ltr'>nova</span> <span class='ocrx_word' id='word_1_221' title='bbox 1217 1498 1376 1546; x_wconf 86' lang='lat' dir='ltr'>sequitur</span> <span class='ocrx_word' id='word_1_222' title='bbox 1399 1526 1409 1540; x_wconf 91' lang='lat'><strong>,</strong></span> <span class='ocrx_word' id='word_1_223' title='bbox 1432 1504 1547 1535; x_wconf 83' lang='lat' dir='ltr'>totam</span> <span class='ocrx_word' id='word_1_224' title='bbox 1563 1509 1642 1536; x_wconf 80' lang='lat' dir='ltr'>eam</span> <span class='ocrx_word' id='word_1_225' title='bbox 1669 1510 1729 1536; x_wconf 90' lang='lat' dir='ltr'>ve-</span> 
     </span>
     <span class='ocr_line' id='line_1_22' title="bbox 116 1542 1727 1607; baseline 0.011 -29"><span class='ocrx_word' id='word_1_226' title='bbox 116 1542 303 1582; x_wconf 83' lang='lat' dir='ltr'>locitatem</span> <span class='ocrx_word' id='word_1_227' title='bbox 332 1549 548 1593; x_wconf 89' lang='lat' dir='ltr'>conservet,</span> <span class='ocrx_word' id='word_1_228' title='bbox 576 1563 654 1600; x_wconf 82' lang='lat' dir='ltr'>quae</span> <span class='ocrx_word' id='word_1_229' title='bbox 690 1555 726 1590; x_wconf 87' lang='lat' dir='ltr'>in</span> <span class='ocrx_word' id='word_1_230' title='bbox 758 1554 931 1601; x_wconf 83' lang='lat' dir='ltr'>sanguine</span> <span class='ocrx_word' id='word_1_231' title='bbox 961 1558 1114 1604; x_wconf 82' lang='lat' dir='ltr'>cogitari</span> <span class='ocrx_word' id='word_1_232' title='bbox 1142 1557 1287 1605; x_wconf 85' lang='lat' dir='ltr'>potest,</span> <span class='ocrx_word' id='word_1_233' title='bbox 1315 1557 1432 1607; x_wconf 80' lang='lat' dir='ltr'>aliqua</span> <span class='ocrx_word' id='word_1_234' title='bbox 1449 1568 1534 1595; x_wconf 90' lang='lat' dir='ltr'>vero</span> <span class='ocrx_word' id='word_1_235' title='bbox 1552 1559 1727 1606; x_wconf 89' lang='lat' dir='ltr'>portione</span> 
     </span>
     <span class='ocr_line' id='line_1_23' title="bbox 117 1603 1784 1667; baseline 0.011 -29"><span class='ocrx_word' id='word_1_236' title='bbox 117 1613 156 1638; x_wconf 75' lang='lat' dir='ltr'>ea</span> <span class='ocrx_word' id='word_1_237' title='bbox 185 1603 352 1642; x_wconf 82' lang='lat' dir='ltr'>velocitas</span> <span class='ocrx_word' id='word_1_238' title='bbox 385 1619 429 1644; x_wconf 92' lang='lat' dir='ltr'>eo</span> <span class='ocrx_word' id='word_1_239' title='bbox 461 1612 574 1657; x_wconf 76' lang='lat' dir='ltr'>magis</span> <span class='ocrx_word' id='word_1_240' title='bbox 600 1613 806 1654; x_wconf 79' lang='lat' dir='ltr'>minuatur,</span> <span class='ocrx_word' id='word_1_241' title='bbox 835 1626 909 1663; x_wconf 90' lang='lat' dir='ltr'>quo</span> <span class='ocrx_word' id='word_1_242' title='bbox 935 1617 1050 1661; x_wconf 85' lang='lat' dir='ltr'>magis</span> <span class='ocrx_word' id='word_1_243' title='bbox 1078 1628 1095 1652; x_wconf 82' lang='lat' dir='ltr'>a</span> <span class='ocrx_word' id='word_1_244' title='bbox 1125 1615 1238 1653; x_wconf 89' lang='lat' dir='ltr'>corde</span> <span class='ocrx_word' id='word_1_245' title='bbox 1268 1615 1461 1654; x_wconf 87' lang='lat' dir='ltr'>receditur.</span> <span class='ocrx_word' id='word_1_246' title='bbox 1508 1615 1578 1654; x_wconf 86' lang='lat' dir='ltr'>Sed</span> <span class='ocrx_word' id='word_1_247' title='bbox 1606 1629 1726 1667; x_wconf 86' lang='lat' dir='ltr'>neque</span> <span class='ocrx_word' id='word_1_248' title='bbox 1782 1630 1784 1637; x_wconf 93' lang='grc'><em>·</em></span> 
     </span>
     <span class='ocr_line' id='line_1_24' title="bbox 115 1662 1725 1725; baseline 0.012 -29"><span class='ocrx_word' id='word_1_249' title='bbox 115 1662 237 1699; x_wconf 84' lang='lat' dir='ltr'>eadem</span> <span class='ocrx_word' id='word_1_250' title='bbox 262 1664 433 1703; x_wconf 82' lang='lat' dir='ltr'>velocitas</span> <span class='ocrx_word' id='word_1_251' title='bbox 461 1668 510 1705; x_wconf 90' lang='lat' dir='ltr'>est</span> <span class='ocrx_word' id='word_1_252' title='bbox 524 1671 654 1717; x_wconf 81' lang='lat' dir='ltr'>prioris</span> <span class='ocrx_word' id='word_1_253' title='bbox 675 1672 808 1716; x_wconf 61' lang='lat' dir='ltr'>undae,</span> <span class='ocrx_word' id='word_1_254' title='bbox 830 1685 910 1721; x_wconf 84' lang='lat' dir='ltr'>quae</span> <span class='ocrx_word' id='word_1_255' title='bbox 924 1686 1030 1712; x_wconf 88' lang='lat' dir='ltr'>novae</span> <span class='ocrx_word' id='word_1_256' title='bbox 1054 1684 1064 1712; x_wconf 78' lang='grc' dir='ltr'><strong><em>ε</em></strong></span> <span class='ocrx_word' id='word_1_257' title='bbox 1091 1675 1194 1724; x_wconf 89' lang='lat' dir='ltr'>quod</span> <span class='ocrx_word' id='word_1_258' title='bbox 1222 1675 1247 1711; x_wconf 88' lang='lat' dir='ltr'><strong>fi</strong></span> <span class='ocrx_word' id='word_1_259' title='bbox 1281 1687 1383 1725; x_wconf 84' lang='lat' dir='ltr'>aeque</span> <span class='ocrx_word' id='word_1_260' title='bbox 1415 1676 1590 1714; x_wconf 88' lang='lat' dir='ltr'>velociter</span> <span class='ocrx_word' id='word_1_261' title='bbox 1621 1677 1725 1725; x_wconf 83' lang='lat' dir='ltr'>fuge-</span> 
     </span>
     <span class='ocr_line' id='line_1_25' title="bbox 113 1723 1725 1786; baseline 0.011 -31"><span class='ocrx_word' id='word_1_262' title='bbox 113 1726 167 1756; x_wconf 90' lang='lat' dir='ltr'>ret</span> <span class='ocrx_word' id='word_1_263' title='bbox 194 1723 293 1770; x_wconf 88' lang='lat' dir='ltr'>prior</span> <span class='ocrx_word' id='word_1_264' title='bbox 307 1749 319 1768; x_wconf 86' lang='lat'>‚</span> <span class='ocrx_word' id='word_1_265' title='bbox 344 1736 385 1762; x_wconf 85' lang='lat' dir='ltr'>ac</span> <span class='ocrx_word' id='word_1_266' title='bbox 406 1727 557 1775; x_wconf 84' lang='lat' dir='ltr'>quidem</span> <span class='ocrx_word' id='word_1_267' title='bbox 585 1729 695 1768; x_wconf 80' lang='lat' dir='ltr'>altera</span> <span class='ocrx_word' id='word_1_268' title='bbox 716 1731 876 1780; x_wconf 83' lang='lat' dir='ltr'>sequitur</span> <span class='ocrx_word' id='word_1_269' title='bbox 894 1762 904 1776; x_wconf 93' lang='lat'>‚</span> <span class='ocrx_word' id='word_1_270' title='bbox 923 1745 1043 1783; x_wconf 89' lang='lat' dir='ltr'>neque</span> <span class='ocrx_word' id='word_1_271' title='bbox 1065 1733 1124 1771; x_wconf 88' lang='lat' dir='ltr'>illa</span> <span class='ocrx_word' id='word_1_272' title='bbox 1145 1733 1340 1783; x_wconf 84' lang='lat' dir='ltr'>impulsum</span> <span class='ocrx_word' id='word_1_273' title='bbox 1368 1742 1571 1786; x_wconf 84' lang='lat' dir='ltr'>pateretur,</span> <span class='ocrx_word' id='word_1_274' title='bbox 1602 1747 1725 1786; x_wconf 80' lang='lat' dir='ltr'>neque</span> 
     </span>
     <span class='ocr_line' id='line_1_26' title="bbox 114 1778 1721 1844; baseline 0.012 -30"><span class='ocrx_word' id='word_1_275' title='bbox 114 1778 175 1815; x_wconf 81' lang='lat' dir='ltr'>ista</span> <span class='ocrx_word' id='word_1_276' title='bbox 205 1782 430 1822; x_wconf 61' lang='lat' dir='ltr'>obstaculum</span> <span class='ocrx_word' id='word_1_277' title='bbox 460 1789 687 1839; x_wconf 84' lang='lat' dir='ltr'>experiretur</span> <span class='ocrx_word' id='word_1_278' title='bbox 713 1790 839 1829; x_wconf 88' lang='lat' dir='ltr'>ullum.</span> <span class='ocrx_word' id='word_1_279' title='bbox 873 1791 1000 1831; x_wconf 86' lang='lat' dir='ltr'>Minus</span> <span class='ocrx_word' id='word_1_280' title='bbox 1029 1800 1147 1831; x_wconf 85' lang='lat' dir='ltr'>autem</span> <span class='ocrx_word' id='word_1_281' title='bbox 1173 1794 1350 1832; x_wconf 90' lang='lat' dir='ltr'>velociter</span> <span class='ocrx_word' id='word_1_282' title='bbox 1376 1806 1460 1831; x_wconf 88' lang='lat' dir='ltr'>cum</span> <span class='ocrx_word' id='word_1_283' title='bbox 1490 1796 1591 1844; x_wconf 84' lang='lat' dir='ltr'>prior</span> <span class='ocrx_word' id='word_1_284' title='bbox 1625 1796 1721 1833; x_wconf 72' lang='lat' dir='ltr'>unda</span> 
     </span>
     <span class='ocr_line' id='line_1_27' title="bbox 111 1837 1721 1900; baseline 0.012 -26"><span class='ocrx_word' id='word_1_285' title='bbox 111 1837 247 1886; x_wconf 82' lang='lat' dir='ltr'>fugiat,</span> <span class='ocrx_word' id='word_1_286' title='bbox 276 1853 382 1890; x_wconf 89' lang='lat' dir='ltr'>quam</span> <span class='ocrx_word' id='word_1_287' title='bbox 405 1857 499 1884; x_wconf 82' lang='lat' dir='ltr'>nova</span> <span class='ocrx_word' id='word_1_288' title='bbox 524 1847 748 1898; x_wconf 78' lang='lat' dir='ltr'>insequitur,</span> <span class='ocrx_word' id='word_1_289' title='bbox 777 1852 917 1890; x_wconf 80' lang='lat' dir='ltr'>neceffe</span> <span class='ocrx_word' id='word_1_290' title='bbox 942 1853 993 1892; x_wconf 89' lang='lat' dir='ltr'>est</span> <span class='ocrx_word' id='word_1_291' title='bbox 1012 1852 1230 1900; x_wconf 84' lang='lat' dir='ltr'>superveniri</span> <span class='ocrx_word' id='word_1_292' title='bbox 1248 1866 1266 1891; x_wconf 86' lang='lat' dir='ltr'>a</span> <span class='ocrx_word' id='word_1_293' title='bbox 1289 1853 1475 1891; x_wconf 84' lang='lat' dir='ltr'>noviffima</span> <span class='ocrx_word' id='word_1_294' title='bbox 1499 1853 1594 1891; x_wconf 85' lang='lat' dir='ltr'>unda</span> <span class='ocrx_word' id='word_1_295' title='bbox 1622 1862 1721 1893; x_wconf 83' lang='lat' dir='ltr'>ante-</span> 
     </span>
     <span class='ocr_line' id='line_1_28' title="bbox 113 1897 1719 1963; baseline 0.011 -30"><span class='ocrx_word' id='word_1_296' title='bbox 113 1897 306 1939; x_wconf 80' lang='lat' dir='ltr'>cedentem</span> <span class='ocrx_word' id='word_1_297' title='bbox 324 1931 334 1946; x_wconf 93' lang='lat'>,</span> <span class='ocrx_word' id='word_1_298' title='bbox 355 1909 464 1956; x_wconf 83' lang='lat' dir='ltr'>atque</span> <span class='ocrx_word' id='word_1_299' title='bbox 493 1907 585 1945; x_wconf 85' lang='lat' dir='ltr'>adeo</span> <span class='ocrx_word' id='word_1_300' title='bbox 610 1908 705 1947; x_wconf 83' lang='lat' dir='ltr'>hanc</span> <span class='ocrx_word' id='word_1_301' title='bbox 731 1910 774 1948; x_wconf 80' lang='lat' dir='ltr'>ab</span> <span class='ocrx_word' id='word_1_302' title='bbox 796 1911 857 1949; x_wconf 83' lang='lat' dir='ltr'>illa</span> <span class='ocrx_word' id='word_1_303' title='bbox 880 1915 1020 1962; x_wconf 81' lang='lat' dir='ltr'>percuti</span> <span class='ocrx_word' id='word_1_304' title='bbox 1049 1907 1141 1963; x_wconf 81' lang='lat' dir='ltr'><em>(l).</em></span> <span class='ocrx_word' id='word_1_305' title='bbox 1199 1912 1289 1959; x_wconf 86' lang='lat' dir='ltr'>Quo</span> <span class='ocrx_word' id='word_1_306' title='bbox 1319 1914 1434 1960; x_wconf 75' lang='lat' dir='ltr'>major</span> <span class='ocrx_word' id='word_1_307' title='bbox 1457 1914 1524 1951; x_wconf 87' lang='lat' dir='ltr'>erit</span> <span class='ocrx_word' id='word_1_308' title='bbox 1549 1913 1719 1952; x_wconf 82' lang='lat' dir='ltr'>velocita-</span> 
     </span>
    </p>

    <p class='ocr_par' dir='ltr' id='par_1_5' title="bbox 993 1970 1718 2012">
     <span class='ocr_line' id='line_1_29' title="bbox 993 1970 1718 2012; baseline 0.003 -2"><span class='ocrx_word' id='word_1_309' title='bbox 993 1970 1058 2010; x_wconf 82' lang='lat' dir='ltr'>Ff</span> <span class='ocrx_word' id='word_1_310' title='bbox 1097 1984 1120 2008; x_wconf 92' lang='lat'>2</span> <span class='ocrx_word' id='word_1_311' title='bbox 1671 1975 1718 2012; x_wconf 86' lang='lat' dir='ltr'>tis</span> 
     </span>
    </p>
   </div>
   <div class='ocr_carea' id='block_1_5' title="bbox 113 2085 1713 2346">
    <p class='ocr_par' dir='ltr' id='par_1_6' title="bbox 113 2085 1713 2229">
     <span class='ocr_line' id='line_1_30' title="bbox 198 2085 688 2140; baseline 0.012 -14"><span class='ocrx_word' id='word_1_312' title='bbox 198 2085 264 2126; x_wconf 76' lang='lat' dir='ltr'>(g)</span> <span class='ocrx_word' id='word_1_313' title='bbox 297 2089 376 2132; x_wconf 76' lang='grc' dir='ltr'><strong>ΕΧΡ-</strong></span> <span class='ocrx_word' id='word_1_314' title='bbox 405 2107 453 2130; x_wconf 77' lang='lat'>91-</span> <span class='ocrx_word' id='word_1_315' title='bbox 479 2109 527 2132; x_wconf 88' lang='lat'>92.</span> <span class='ocrx_word' id='word_1_316' title='bbox 550 2111 598 2136; x_wconf 80' lang='lat'>95.</span> <span class='ocrx_word' id='word_1_317' title='bbox 622 2107 688 2140; x_wconf 84' lang='lat'><em>¹83-</em></span> 
     </span>
     <span class='ocr_line' id='line_1_31' title="bbox 114 2128 1713 2184; baseline 0.011 -21"><span class='ocrx_word' id='word_1_318' title='bbox 114 2166 124 2173; x_wconf 55' lang='lat'>,</span> <span class='ocrx_word' id='word_1_319' title='bbox 191 2128 264 2171; x_wconf 67' lang='grc' dir='ltr'>ι(1))</span> <span class='ocrx_word' id='word_1_320' title='bbox 292 2131 430 2167; x_wconf 62' lang='lat' dir='ltr'>Surae</span> <span class='ocrx_word' id='word_1_321' title='bbox 454 2139 474 2168; x_wconf 92' lang='lat' dir='ltr'>l.</span> <span class='ocrx_word' id='word_1_322' title='bbox 498 2151 524 2171; x_wconf 90' lang='lat' dir='ltr'>c.</span> <span class='ocrx_word' id='word_1_323' title='bbox 545 2140 578 2171; x_wconf 91' lang='lat' dir='ltr'>T</span> <span class='ocrx_word' id='word_1_324' title='bbox 611 2141 653 2172; x_wconf 89' lang='grc' dir='ltr'>Π.</span> <span class='ocrx_word' id='word_1_325' title='bbox 683 2154 713 2181; x_wconf 84' lang='lat' dir='ltr'>p.</span> <span class='ocrx_word' id='word_1_326' title='bbox 737 2154 803 2181; x_wconf 71' lang='grc' dir='ltr'>ης.</span> <span class='ocrx_word' id='word_1_327' title='bbox 840 2143 944 2176; x_wconf 83' lang='lat' dir='ltr'>Simile</span> <span class='ocrx_word' id='word_1_328' title='bbox 965 2146 1136 2184; x_wconf 79' lang='lat' dir='ltr'>exemplum</span> <span class='ocrx_word' id='word_1_329' title='bbox 1157 2145 1260 2177; x_wconf 73' lang='lat' dir='ltr'>cordis</span> <span class='ocrx_word' id='word_1_330' title='bbox 1283 2145 1524 2177; x_wconf 61' lang='lat' dir='ltr'>venti-{curarum</span> <span class='ocrx_word' id='word_1_331' title='bbox 1544 2150 1572 2177; x_wconf 67' lang='lat'>8&lt;</span> <span class='ocrx_word' id='word_1_332' title='bbox 1591 2147 1713 2180; x_wconf 75' lang='lat' dir='ltr'>aurium</span> 
     </span>
     <span class='ocr_line' id='line_1_32' title="bbox 113 2176 1712 2229; baseline 0.009 -23"><span class='ocrx_word' id='word_1_333' title='bbox 113 2177 271 2218; x_wconf 52' lang='lat' dir='ltr'>nmmum,</span> <span class='ocrx_word' id='word_1_334' title='bbox 301 2176 369 2208; x_wconf 63' lang='lat' dir='ltr'>nost</span> <span class='ocrx_word' id='word_1_335' title='bbox 392 2187 523 2219; x_wconf 78' lang='lat' dir='ltr'>magnas</span> <span class='ocrx_word' id='word_1_336' title='bbox 554 2183 711 2224; x_wconf 83' lang='lat' dir='ltr'>sanguinis</span> <span class='ocrx_word' id='word_1_337' title='bbox 742 2184 871 2222; x_wconf 64' lang='lat' dir='ltr'>jaeruras</span> <span class='ocrx_word' id='word_1_338' title='bbox 900 2189 1014 2218; x_wconf 74' lang='lat' dir='ltr'>habent</span> <span class='ocrx_word' id='word_1_339' title='bbox 1036 2188 1189 2219; x_wconf 64' lang='lat' dir='ltr'>Farina</span> <span class='ocrx_word' id='word_1_340' title='bbox 1215 2187 1408 2219; x_wconf 70' lang='lat' dir='ltr'>AMMERR</span> <span class='ocrx_word' id='word_1_341' title='bbox 1434 2187 1473 2218; x_wconf 91' lang='lat' dir='ltr'>T.</span> <span class='ocrx_word' id='word_1_342' title='bbox 1506 2188 1561 2220; x_wconf 90' lang='lat' dir='ltr'>III.</span> <span class='ocrx_word' id='word_1_343' title='bbox 1586 2200 1616 2228; x_wconf 81' lang='lat' dir='ltr'>p.</span> <span class='ocrx_word' id='word_1_344' title='bbox 1639 2200 1712 2229; x_wconf 79' lang='lat'><strong>4¹7·</strong></span> 
     </span>
    </p>

    <p class='ocr_par' dir='ltr' id='par_1_7' title="bbox 116 2211 1711 2313">
     <span class='ocr_line' id='line_1_33' title="bbox 194 2211 1711 2270; baseline 0.012 -24"><span class='ocrx_word' id='word_1_345' title='bbox 194 2211 231 2245; x_wconf 86' lang='grc' dir='ltr'>(Ζ</span> <span class='ocrx_word' id='word_1_346' title='bbox 245 2212 257 2247; x_wconf 94' lang='grc'>)</span> <span class='ocrx_word' id='word_1_347' title='bbox 283 2213 392 2248; x_wconf 73' lang='lat' dir='ltr'>Parum</span> <span class='ocrx_word' id='word_1_348' title='bbox 403 2219 557 2261; x_wconf 70' lang='lat' dir='ltr'>sangu÷nis</span> <span class='ocrx_word' id='word_1_349' title='bbox 573 2246 581 2259; x_wconf 91' lang='lat'>,</span> <span class='ocrx_word' id='word_1_350' title='bbox 594 2232 647 2256; x_wconf 82' lang='lat' dir='ltr'>aut</span> <span class='ocrx_word' id='word_1_351' title='bbox 661 2226 738 2258; x_wconf 86' lang='lat' dir='ltr'>nihil</span> <span class='ocrx_word' id='word_1_352' title='bbox 752 2228 918 2267; x_wconf 77' lang='lat' dir='ltr'>quidquam</span> <span class='ocrx_word' id='word_1_353' title='bbox 934 2229 966 2259; x_wconf 89' lang='lat' dir='ltr'>in</span> <span class='ocrx_word' id='word_1_354' title='bbox 985 2230 1105 2261; x_wconf 79' lang='lat' dir='ltr'>arteriis</span> <span class='ocrx_word' id='word_1_355' title='bbox 1119 2240 1136 2260; x_wconf 87' lang='lat' dir='ltr'>a</span> <span class='ocrx_word' id='word_1_356' title='bbox 1155 2236 1257 2261; x_wconf 86' lang='lat' dir='ltr'>morte</span> <span class='ocrx_word' id='word_1_357' title='bbox 1277 2229 1449 2270; x_wconf 81' lang='lat' dir='ltr'>reperiebat</span> <span class='ocrx_word' id='word_1_358' title='bbox 1472 2230 1500 2261; x_wconf 90' lang='lat' dir='ltr'>H</span> <span class='ocrx_word' id='word_1_359' title='bbox 1512 2241 1531 2262; x_wconf 79' lang='lat' dir='ltr'>A</span> <span class='ocrx_word' id='word_1_360' title='bbox 1542 2241 1565 2262; x_wconf 77' lang='lat' dir='ltr'>R</span> <span class='ocrx_word' id='word_1_361' title='bbox 1576 2242 1596 2261; x_wconf 88' lang='lat' dir='ltr'>v</span> <span class='ocrx_word' id='word_1_362' title='bbox 1607 2242 1647 2262; x_wconf 78' lang='lat'>1-:1</span> <span class='ocrx_word' id='word_1_363' title='bbox 1659 2243 1683 2263; x_wconf 83' lang='grc' dir='ltr'><em>υ</em></span> <span class='ocrx_word' id='word_1_364' title='bbox 1698 2244 1711 2263; x_wconf 85' lang='lat' dir='ltr'>s</span> 
     </span>
     <span class='ocr_line' id='line_1_34' title="bbox 116 2250 1117 2313; baseline 0.019 -28"><span class='ocrx_word' id='word_1_365' title='bbox 116 2250 199 2288; x_wconf 77' lang='lat' dir='ltr'>apud</span> <span class='ocrx_word' id='word_1_366' title='bbox 219 2250 295 2285; x_wconf 73' lang='lat' dir='ltr'>Bm</span> <span class='ocrx_word' id='word_1_367' title='bbox 308 2269 356 2288; x_wconf 76' lang='lat' dir='ltr'>cn</span> <span class='ocrx_word' id='word_1_368' title='bbox 382 2261 483 2301; x_wconf 72' lang='lat' dir='ltr'>history</span> <span class='ocrx_word' id='word_1_369' title='bbox 508 2264 544 2302; x_wconf 73' lang='lat' dir='ltr'>of*</span> <span class='ocrx_word' id='word_1_370' title='bbox 557 2267 603 2297; x_wconf 78' lang='lat' dir='ltr'>the</span> <span class='ocrx_word' id='word_1_371' title='bbox 625 2271 715 2307; x_wconf 71' lang='lat' dir='ltr'>Royal</span> <span class='ocrx_word' id='word_1_372' title='bbox 737 2272 841 2309; x_wconf 73' lang='lat' dir='ltr'>Society</span> <span class='ocrx_word' id='word_1_373' title='bbox 862 2270 903 2303; x_wconf 89' lang='lat' dir='ltr'>T.</span> <span class='ocrx_word' id='word_1_374' title='bbox 923 2270 978 2303; x_wconf 91' lang='lat' dir='ltr'>lV.</span> <span class='ocrx_word' id='word_1_375' title='bbox 999 2282 1029 2313; x_wconf 88' lang='lat' dir='ltr'>p.</span> <span class='ocrx_word' id='word_1_376' title='bbox 1050 2282 1117 2311; x_wconf 75' lang='lat'>535·</span> 
     </span>
    </p>

    <p class='ocr_par' dir='ltr' id='par_1_8' title="bbox 190 2293 604 2346">
     <span class='ocr_line' id='line_1_35' title="bbox 190 2293 604 2346; baseline 0.024 -19"><span class='ocrx_word' id='word_1_377' title='bbox 190 2293 256 2328; x_wconf 73' lang='lat' dir='ltr'>(k)</span> <span class='ocrx_word' id='word_1_378' title='bbox 280 2295 350 2329; x_wconf 76' lang='lat' dir='ltr'>8ect</span> <span class='ocrx_word' id='word_1_379' title='bbox 384 2301 406 2331; x_wconf 78' lang='grc' dir='ltr'>Ι,</span> <span class='ocrx_word' id='word_1_380' title='bbox 431 2313 460 2334; x_wconf 88' lang='lat' dir='ltr'>n.</span> <span class='ocrx_word' id='word_1_381' title='bbox 473 2316 499 2338; x_wconf 87' lang='lat'>9.</span> <span class='ocrx_word' id='word_1_382' title='bbox 522 2306 604 2346; x_wconf 87' lang='lat' dir='ltr'>seqq.</span> 
     </span>
    </p>
   </div>
   <div class='ocr_carea' id='block_1_6' title="bbox 108 2335 1713 2426">
    <p class='ocr_par' dir='ltr' id='par_1_9' title="bbox 108 2335 1713 2426">
     <span class='ocr_line' id='line_1_36' title="bbox 195 2335 1713 2396; baseline 0.012 -28"><span class='ocrx_word' id='word_1_383' title='bbox 195 2335 255 2370; x_wconf 89' lang='lat' dir='ltr'>(l)</span> <span class='ocrx_word' id='word_1_384' title='bbox 283 2340 447 2385; x_wconf 52' lang='lat' dir='ltr'>franciscus</span> <span class='ocrx_word' id='word_1_385' title='bbox 470 2345 550 2377; x_wconf 78' lang='lat'><em>1301</em></span> <span class='ocrx_word' id='word_1_386' title='bbox 565 2360 625 2381; x_wconf 68' lang='grc' dir='ltr'>εει</span> <span class='ocrx_word' id='word_1_387' title='bbox 639 2361 692 2384; x_wconf 70' lang='lat' dir='ltr'>:n</span> <span class='ocrx_word' id='word_1_388' title='bbox 712 2352 750 2384; x_wconf 85' lang='lat' dir='ltr'>de</span> <span class='ocrx_word' id='word_1_389' title='bbox 773 2354 862 2388; x_wconf 73' lang='lat' dir='ltr'>SAu</span> <span class='ocrx_word' id='word_1_390' title='bbox 877 2363 930 2385; x_wconf 68' lang='lat' dir='ltr'>vn</span> <span class='ocrx_word' id='word_1_391' title='bbox 945 2364 990 2387; x_wconf 71' lang='grc' dir='ltr'>σε</span> <span class='ocrx_word' id='word_1_392' title='bbox 1007 2365 1019 2386; x_wconf 82' lang='lat' dir='ltr'>s</span> <span class='ocrx_word' id='word_1_393' title='bbox 1044 2354 1078 2386; x_wconf 87' lang='lat' dir='ltr'>in</span> <span class='ocrx_word' id='word_1_394' title='bbox 1099 2354 1285 2387; x_wconf 67' lang='lat' dir='ltr'>antsn</span> <span class='ocrx_word' id='word_1_395' title='bbox 1316 2354 1464 2396; x_wconf 67' lang='lat' dir='ltr'>haemastat.</span> <span class='ocrx_word' id='word_1_396' title='bbox 1487 2365 1517 2396; x_wconf 85' lang='lat' dir='ltr'>p.</span> <span class='ocrx_word' id='word_1_397' title='bbox 1544 2354 1613 2393; x_wconf 64' lang='lat' dir='ltr'>246ss</span> <span class='ocrx_word' id='word_1_398' title='bbox 1637 2364 1713 2393; x_wconf 58' lang='lat'>2474</span> 
     </span>
     <span class='ocr_line' id='line_1_37' title="bbox 108 2376 548 2426; baseline 0.011 -21"><span class='ocrx_word' id='word_1_399' title='bbox 108 2379 176 2411; x_wconf 72' lang='lat'>348.</span> <span class='ocrx_word' id='word_1_400' title='bbox 203 2376 310 2410; x_wconf 78' lang='lat' dir='ltr'>theorm</span> <span class='ocrx_word' id='word_1_401' title='bbox 326 2381 423 2423; x_wconf 64' lang='lat' dir='ltr'>puffm</span> <span class='ocrx_word' id='word_1_402' title='bbox 452 2396 482 2426; x_wconf 70' lang='lat' dir='ltr'>p,</span> <span class='ocrx_word' id='word_1_403' title='bbox 500 2398 548 2423; x_wconf 81' lang='lat'>¹9-</span> 
     </span>
    </p>
   </div>
  </div>
 </body>
</html>
