1968 2706
520 148 765 192 ,MOTus
837 124 1291 191 LATE3RAL1·S.·
1623 148 1711 200 '2³5

89 244 179 288 mos!
201 243 316 297 maius
339 244 476 298 {quam
493 246 785 285 membranarum
815 251 890 283 erat
908 244 1110 293 craffities(
1119 246 1179 298 p)
1203 274 1213 289 ,
1238 238 1448 283 vidiminus
1478 240 1501 291 ’(
1518 244 1600 298 q),'
1624 243 1703 282 vidi

88 307 216 358 ‹duplo
240 308 358 344 minus
393 306 477 354 (r)
515 335 525 348 ‚
587 304 662 342 vidi
695 304 852 353 denique
890 304 925 340 in
955 305 1084 349 majori
1132 304 1281 342 diastole
1311 303 1421 353 triplo
1450 306 1569 352 majus
1603 301 1700 341 fuisse

95 367 182 415 :(s)
201 393 216 411 ‚
249 371 292 402 ut
323 368 478 403 omnino
506 364 674 412 sextuplo
706 364 842 400 arteriae
874 364 990 413 paries
1011 364 1047 400 δε
1077 363 1195 400 minus
1226 362 1314 400 latus
1344 391 1354 405 ,
1389 364 1422 399 ἃ
1450 374 1518 399 una
1551 360 1695 399 defnfior

94 425 286 465 ÷1eddatu12
323 422 376 461 Ita
395 435 441 460 ex
453 419 533 474 ipso
552 422 617 460 suo
640 422 775 459 elatere
814 423 1027 459 arteriarum
1053 422 1270 458 membranae
1292 421 1403 472 paulo
1430 421 1509 469 post
1531 421 1691 472 priorem

96 485 133 522 <st
171 494 234 522 um
262 507 274 526 ‚
306 483 536 530 nativamque
570 481 756 518 laxitatem
784 488 1023 529 recuperant,
1060 491 1137 529 quae
1166 481 1310 529 systo'es
1348 479 1522 517 arteriosae
1559 479 1692 527 species

105 543 177 586 est,
201 555 220 579 a
245 538 448 577 musculosa
468 538 627 582 diversa,
645 538 800 589 ipfisque
818 538 953 577 arteriis
974 540 1207 585 communis,
1245 551 1323 585 quae
1352 538 1446 574 fibris
1468 539 1603 575 carneis
1637 537 1699 575 de-

97 602 306 639 stituuntur.
340 597 428 635 Non
454 597 674 647 praetervidit
697 599 841 647 penitus
862 598 957 637 hanc
975 598 1223 636 densationem
1250 592 1415 650 jacobus
1439 595 1527 634 Κει
1545 610 1565 634 L
1598 597 1668 645 (t)
1687 608 1696 633 :

93 661 273 708 exiguam
301 667 388 694 vero
408 657 521 701 fecit,
548 658 585 694 &
620 657 732 695 facilis
760 657 926 695 dederim
946 687 955 701 ‚
981 660 1018 698 in
1052 657 1231 702 homine,
1258 669 1365 707 quam
1390 658 1428 694 in
1461 656 1583 704 frigidi
1618 656 1699 694 san-

95 719 225 768 guinis
254 716 364 754 bestia
382 745 392 759 ‚
421 717 605 754 minorem
628 715 721 759 effe,
750 728 834 754 cum
854 719 897 754 rin
928 716 983 754 his
1022 717 1171 768 quidem
1202 715 1335 755 extima
1362 716 1570 753 membrana
1608 716 1701 754 inte-

102 779 219 820 riori,
251 788 270 813 a
301 774 412 812 corde
435 775 597 826 impulsae
622 801 634 819 ,
657 776 796 813 inmota
820 775 982 820 resistat,
1009 778 1046 814 in
1089 777 1240 814 homine
1281 787 1368 814 vero
1399 776 1508 814 etiam
1540 776 1700 813 exterior

107 837 167 874 illa
194 835 310 873 cedat.

193 895 236 933 In
262 893 391 932 eadem
412 894 702 933 membranarum
718 895 853 931 arteriae
867 895 1076 932 densatione
1094 897 1217 934 locum
1241 895 1351 933 habet
1370 894 1427 931 illa
1446 921 1457 938 ,
1473 891 1500 931 P
1518 906 1613 932 Rffic
1627 907 1647 932 E
1664 907 1700 932 P-

107 967 167 993 ‘ro
185 967 232 991 Μ
268 952 353 1000 (u)
385 953 508 990 nostro
542 954 719 991 celebrata
740 982 749 996 ‚
774 955 1023 991 arteriolarum
1058 955 1262 1004 conpressio
1284 984 1294 999 ,
1326 966 1406 1004 quae
1434 955 1529 992 inter
1558 955 1704 1003 majoris

108 1014 244 1051 arteriae
270 1011 497 1049 membranas
524 1020 712 1060 ponuntur
729 1041 738 1055 ‚
758 1014 816 1049 cui
840 1020 936 1050 certe
955 1014 1209 1061 compreffioni
1229 1025 1395 1061 magnam
1421 1013 1571 1050 theoriae
1586 1013 1696 1057 senii,

108 1072 330 1110 decrementi
365 1070 456 1118 (x)
490 1073 691 1121 mortisque
720 1072 887 1108 naturalis
911 1079 1050 1120 partem
1067 1073 1124 1111 lll.
1155 1073 1425 1110 olimSENEx
1455 1073 1702 1121 superstruxit.

107 1132 168 1170 De
194 1131 292 1168 senio
331 1129 415 1167 alias
443 1131 645 1180 requiretur
680 1144 687 1168 :
717 1129 870 1168 sufficiat
889 1131 1036 1167 interim
1061 1132 1262 1174 monuiffe,
1293 1133 1476 1179 majorum
1495 1132 1706 1169 arteriarum

109 1190 249 1229 vascula
283 1190 364 1238 (y)
399 1201 463 1238 per
483 1191 656 1227 extimam
683 1190 896 1228 cellulosam
920 1189 1028 1227 telam
1054 1191 1216 1228 distribui
1246 1219 1254 1233 ‚
1293 1192 1462 1228 omnium
1489 1202 1578 1238 ergo
1602 1191 1710 1228 mini-

112 1262 209 1287 mam
237 1262 254 1286 a
282 1250 453 1298 sanguine
480 1261 546 1301 per
570 1261 745 1297 magnum
776 1249 906 1287 tubum
948 1249 1091 1298 inpulso
1128 1249 1344 1300 preffionem
1370 1251 1446 1299 pati
1478 1263 1485 1286 :
1515 1261 1633 1299 neque
1674 1248 1712 1286 in

106 1310 198 1346 :vivis
230 1309 441 1346 animalibus
458 1336 468 1351 ,
497 1317 538 1346 ut
563 1316 664 1347 certo
692 1309 795 1352 vidi,
833 1321 873 1346 ea
898 1308 1036 1346 vascula
1062 1317 1122 1347 aut
1147 1310 1275 1346 inaniri
1302 1335 1313 1355 ‚
1346 1318 1410 1347 aut
1435 1309 1677 1358 expallescere
1704 1321 1712 1345 :

106 1366 264 1406 ‚minima
294 1380 380 1406 vero
409 1368 535 1416 utique
566 1369 703 1406 vascula
720 1397 729 1410 ‚
747 1379 948 1418 parumque
969 1374 1056 1407 nota
1071 1398 1084 1413 ,
1109 1368 1349 1406 musculosam
1366 1368 1459 1405 inter
1484 1368 1520 1405 δε
1543 1369 1709 1406 intimam

108 1428 274 1464 *tunicam
299 1425 411 1476 posita
448 1426 630 1476 conprimi
653 1427 761 1476 poss'e.
811 1427 942 1476 Neque
959 1433 1078 1465 tamen
1097 1429 1193 1465 hanc
1215 1427 1355 1465 causam
1371 1426 1438 1464 effe
1458 1456 1468 1470 ,
1493 1439 1604 1477 quare
1621 1427 1712 1465 adeo

108 1486 320 1535 frequenter
350 1486 406 1531 (Z
425 1484 466 1533 ),‚
497 1491 531 1523 <Sc
555 1488 591 1523 in
624 1487 723 1523 senio
749 1487 973 1534 frequentius
992 1514 1002 1528 ‚
1031 1489 1164 1525 arteriae
1189 1486 1378 1524 ossescant.
1424 1485 1520 1524 Nam
1539 1498 1617 1523 eam
1634 1498 1715 1524 cau·

115 1543 187 1580 sam
213 1546 250 1580 in
282 1545 389 1581 succo
414 1543 481 1579 else
512 1545 623 1582 effuso
644 1571 655 1588 ,
687 1546 771 1582 alias
801 1545 943 1582 ostendi
978 1544 1065 1593 (a)
1089 1575 1099 1589 ‚
1131 1558 1249 1595 neque
1279 1546 1460 1594 ignoravit
1506 1546 1560 1582 vir
1600 1546 1655 1583 Cl.
1684 1544 1716 1594 J.

116 1597 340 1641 fridericus
372 1602 536 1640 CRELL
565 1600 648 1651 (b)

212 1662 392 1701 Caeterum
415 1661 492 1699 haec
519 1664 590 1712 ipsa
615 1662 823 1713 hypothesis
844 1661 960 1709 fecit,
993 1670 1032 1700 ut
1053 1662 1159 1700 &m
1177 1663 1266 1701 olim
1297 1662 1433 1701 PRAEe
1448 1670 1605 1701 EPTOR
1627 1661 1711 1714 (c),

118 1722 152 1760 ὃ(
191 1722 357 1772 sequaces
395 1722 472 1768 ejus
525 1724 592 1760 viri
624 1722 792 1774 discipuli
823 1720 842 1776 (
869 1718 897 1759 d
925 1722 941 1769 )
967 1750 977 1766 ,
1020 1722 1231 1772 sanguinem
1266 1721 1338 1761 alio
1377 1729 1546 1773 tempore
1587 1724 1624 1760 in
1663 1730 1718 1760 tu-

1110 1780 1144 1819 G
1177 1794 1202 1830 g
1243 1795 1264 1833 3
1635 1783 1723 1820 bum

202 1862 264 1900 (p)
288 1863 366 1902 Exp.
394 1868 441 1897 69.
471 1876 518 1898 71·

201 1906 246 1943 (q
262 1905 274 1939 )
292 1904 371 1943 Exp.
395 1915 432 1939 77

202 1944 270 1981 (r)
295 1945 372 1983 Exp.
395 1956 444 1977 77·
466 1955 515 1978 92·

201 1986 264 2021 (s)
292 1986 371 2024 Exp.
396 1996 444 2019 92·

207 2027 268 2062 (t)
292 2031 336 2057 De
352 2024 443 2065 fimgs
459 2026 566 2055 velocic.
587 2038 616 2066 p.
635 2033 684 2061 28.

202 2068 277 2103 (u)
302 2067 417 2098 PraelecJ.
439 2069 469 2096 in
490 2066 554 2101 [nli.
575 2071 616 2098 rei
640 2069 722 2099 Mai.
748 2065 890 2099 CCXIII.
910 2067 952 2099 T.
974 2065 1013 2099 ΙΙ.
1037 2078 1067 2107 p.
1097 2077 1165 2106 254·
1205 2066 1401 2103 [Senum
1416 2076 1467 2099 tn
1490 2070 1576 2100 E'em.
1610 2079 1640 2108 p.
1664 2078 1732 2105 297.

203 2107 273 2144 (x)
298 2109 362 2146 lust.
383 2109 423 2137 rei
450 2109 537 2139 Med.
558 2118 586 2139 n.
613 2119 685 2145 477.

203 2147 274 2187 (y)
306 2149 341 2179 L.
361 2148 408 2177 II.
431 2159 460 2187 p.
480 2154 528 2179 68.

204 2189 276 2225 (z)
297 2189 554 2219 BucnwALD
576 2189 638 2220 obs.
662 2198 689 2227 3-
713 2189 873 2221 VESAL·
907 2191 924 2220 1.
952 2201 979 2221 c.
1008 2191 1093 2221 BAs
1112 2202 1123 2221 s
1157 2190 1175 2222 l.
1203 2202 1227 2223 c.
1256 2190 1458 2225 Frscutx
1480 2194 1513 2222 de
1529 2189 1609 2231 finio
1633 2203 1662 2233 p.
1688 2199 1735 2229 46.

124 2226 216 2258 Conf.
239 2231 361 2268 Ado'ph.
404 2230 511 2261 Bernh.
537 2230 582 2259 W
595 2242 604 2259 1
619 2241 641 2260 N
653 2243 674 2261 K
686 2242 704 2260 L
717 2242 733 2261 E
752 2242 773 2262 r:
804 2234 837 2262 cie
858 2231 962 2265 lithiasz'
977 2232 1109 2273 vastarum
1128 2241 1201 2272 corp.
1227 2234 1305 2268 hum.

236 2282 252 2298 a
267 2273 279 2305 )
312 2269 410 2310 opusc.
435 2271 573 2309 patholog.
602 2272 662 2302 obs.
685 2284 732 2307 47.

236 2313 281 2347 b)
306 2315 348 2341 De
371 2318 425 2341 art.
452 2322 544 2341 coron.
569 2312 655 2350 instar
683 2314 740 2351 qffi's
759 2315 886 2346 indurat.

236 2354 276 2388 c)
298 2351 352 2381 Bo
369 2363 443 2382 sRn
469 2363 486 2381 A
500 2362 581 2381 AVB
605 2354 960 2393 Praelec7.T.11.p.251.

235 2396 253 2422 d
269 2396 284 2430 )
303 2392 320 2422 S
334 2402 350 2421 c
365 2403 415 2423 HR
430 2404 449 2423 ε
464 2403 475 2422 1
488 2403 511 2430 ,Β
524 2403 576 2425 ER
597 2395 681 2425 Llem.
702 2406 731 2434 p.
756 2405 822 2433 ²97-
856 2400 885 2428 8<
907 2398 937 2427 in
959 2396 1110 2436 Almagrst.
1140 2407 1169 2436 p.
1189 2408 1255 2429 220.
