1968 2706
276 160 360 197 260
448 152 486 195 L
521 150 602 196 Vl.
635 146 788 196 SECT.
817 152 878 196 ΙΙ.
931 154 1271 197 SANGUINIS
1311 155 1421 195 PER
1460 158 1765 200 ARTERIAS

278 258 355 297 105¹
382 250 420 288 δε
447 259 529 291 106
561 252 657 289 idem
676 278 687 295 ‚
715 263 826 302 quem
855 251 944 303 saepe
975 251 1152 296 laudabo,
1186 245 1381 305 Johannes
1413 251 1615 294 Feovn
1653 252 1748 305 (k).

356 309 522 360 Septimo
537 324 633 350 anno
662 310 780 360 pulsus
809 325 863 357 90
881 342 891 356 ,
926 312 1072 351 decimo
1094 320 1224 362 quarto
1266 318 1318 355 80
1346 312 1432 351 fecit
1469 305 1693 368 Francfius
1729 314 1871 354 Bo1s-

270 378 383 408 sir-:R
419 366 507 418 (l).
556 372 663 408 Anno
689 371 917 416 undecimo,
950 369 988 408 in
1017 383 1133 420 puero
1163 372 1335 422 vigilante
1365 373 1459 410 inter
1489 386 1543 418 90
1574 375 1610 412 δε
1638 386 1722 413 100
1750 370 1868 424 pulsus

269 438 436 467 numerat
467 431 521 469 Cl.
544 430 633 467 olim
671 430 701 468 H
722 443 777 467 im
796 441 1056 469 BERGERUS
1084 430 1217 479 (m),
1251 432 1286 469 ἐξ
1307 442 1361 475 92
1390 434 1424 469 in
1459 433 1580 481 puella
1606 447 1651 482 15
1690 445 1868 473 annorum

265 481 458 538 Jolzannes
488 490 515 527 F
528 502 586 527 Lo
604 503 692 528 *za
730 491 746 538 (
763 492 832 539 η).
876 491 1020 539 Nempe
1049 491 1088 528 in
1120 490 1327 529 universum
1352 490 1443 530 intra
1477 494 1707 545 pubertatem
1741 504 1869 531 nume-

269 559 326 585 rus
361 550 532 599 puliuum
560 552 675 598 major
709 551 772 588 est.

352 608 488 647 Adulte)
521 610 662 646 homini
686 606 901 662 pauciores,
928 620 1037 659 quam
1066 621 1183 661 puero
1201 638 1210 653 ,
1237 610 1273 647 δε
1298 610 1426 648 infanti
1456 610 1577 662 pulsus
1611 613 1692 652 sunt
1714 639 1726 658 ‚
1757 609 1868 649 varie-

268 670 376 704 tatem
400 668 482 705 facit
512 671 612 706 lem>
632 699 641 713 ‚
678 683 760 707 anni
787 677 929 721 tempus
950 698 960 712 ‚
983 670 1086 717 regio
1107 697 1117 713 ,
1145 676 1486 718 temperamentum.
1540 670 1635 710 Eam?
1657 674 1867 711 varietatem

268 725 359 763 inter
393 733 444 765 60
485 734 519 765 δε
546 736 596 771 8ο
630 729 844 767 crediderim
879 729 1084 772 contineri,
1111 740 1230 779 neque
1271 730 1360 768 infra
1388 725 1573 778 sexaginta
1611 730 1731 781 pulsus
1764 730 1869 770 facile

267 784 525 830 admitterem,
551 799 698 837 neque,
722 790 757 825 in
786 789 872 827 sano
899 788 1075 833 homine,
1106 789 1144 825 &
1183 788 1391 838 quiescente
1410 817 1419 832 ,
1450 789 1610 828 multum
1638 791 1683 829 ad
1722 798 1774 834 80
1805 790 1868 828 ad-

267 844 400 882 derem.
450 847 527 893 Qui
556 846 747 897 scriptores
773 856 825 886 60
869 847 957 896 (o)
991 849 1026 885 &
1058 844 1273 897 pauciores,
1304 860 1415 898 quam
1454 854 1508 887 60
1538 849 1662 898 pulsus
1699 861 1866 889 numera-

266 914 351 942 runt
372 931 384 949 ἲ
413 907 448 943 in
478 907 768 956 phlegmaticum
790 908 982 946 hominem
1007 905 1168 945 incidisse
1193 906 1364 946 videntur
1382 934 1393 949 ‚
1421 913 1482 945 aut
1504 910 1680 949 rariorem
1706 909 1866 959 aliquam

267 967 431 1012 corporis
457 967 609 1003 humani
634 967 816 1005 fabricam.
884 967 934 1006 Eo
962 966 1078 1005 refero
1106 965 1163 1003 Ill.
1197 967 1316 1004 virum
1347 955 1543 1006 leomam
1563 968 1862 1012 Scuwmme,

266 1025 329 1072 qui
357 1036 432 1062 viro
465 1035 519 1077 45
550 1038 732 1064 annorum
758 1039 827 1077 pro
843 1028 1010 1064 matutini
1036 1026 1158 1079 pulsus
1174 1037 1329 1064 numero
1357 1026 1517 1075 adfignat
1549 1038 1594 1075 55
1616 1028 1661 1066 ad
1686 1036 1740 1066 60
1757 1028 1863 1082 (p):
1903 1050 1908 1051 ν

268 1084 303 1118 &
330 1078 461 1133 Bryon
493 1086 522 1123 R
540 1097 763 1124 OBINSON
780 1115 789 1130 ,
817 1087 881 1137 qui
909 1086 1031 1136 pulsus
1065 1087 1265 1123 matutinos
1303 1096 1357 1134 54
1393 1095 1558 1125 numerat
1586 1086 1668 1140 (q)
1692 1116 1701 1130 ‚
1731 1087 1767 1124 Sc
1793 1100 1867 1125 ma-

266 1143 320 1189 gis
351 1150 458 1181 etiam
493 1145 547 1186 Cl.
577 1145 677 1184 RYE
710 1146 817 1194 (r),
844 1147 908 1195 qui
941 1157 1019 1183 non
1042 1144 1186 1183 excedit
1220 1173 1230 1187 ,
1284 1147 1392 1183 etiam
1438 1147 1617 1184 matutino
1669 1153 1863 1196 tempore,

266 1201 387 1250 pulsus
419 1216 490 1251 45.
545 1202 620 1243 Sed
643 1217 764 1255 neque
791 1212 925 1243 naturae
947 1205 1101 1243 ubertati
1131 1201 1330 1253 respondet
1347 1204 1386 1242 F.
1401 1203 1446 1241 N.
1476 1204 1556 1242 MA
1571 1217 1672 1248 Καὶ]
1687 1217 1707 1242 E
1725 1217 1749 1241 T
1767 1234 1777 1249 ,
1802 1206 1866 1254 qui

270 1263 322 1299 80
353 1262 480 1300 infanti
501 1264 622 1314 pulsus
638 1291 650 1310 ,
667 1271 721 1304 60
749 1265 875 1303 adulto
905 1264 1066 1313 adfignat
1098 1263 1173 1312 (s)
1194 1292 1204 1306 ‚
1235 1269 1296 1301 aut
1329 1262 1400 1301 Gu
1415 1275 1427 1300 1
1443 1275 1469 1300 D
1488 1275 1511 1301 0
1526 1276 1550 1301 T
1567 1275 1621 1303 us
1649 1264 1732 1313 (t)
1757 1289 1769 1312 ,
1803 1265 1867 1314 qui

266 1331 334 1369 pro
368 1321 506 1362 summa
530 1324 695 1363 mensura
721 1326 813 1362 intra
843 1324 973 1363 horam
1004 1335 1116 1370 3300
1143 1322 1288 1373 pulsuS,
1310 1324 1349 1360 in
1366 1325 1486 1372 primo
1509 1323 1600 1361 adeo
1633 1325 1778 1362 minuto
1810 1327 1863 1371 65

265 1381 396 1427 ponit,
425 1389 487 1420 aut
515 1381 740 1422 XVALAEUS
772 1384 854 1432 (u)
875 1410 886 1428 ‚
920 1382 984 1434 qui
1030 1394 1141 1429 3200
1185 1382 1298 1428 facit3
1331 1393 1450 1433 neque
1493 1377 1699 1422 Gailz'elmi
1738 1383 1866 1422 Cox-

266 1450 437 1478 BURNE
467 1442 565 1491 (x)
602 1443 723 1494 pulsus
752 1444 790 1482 in
823 1444 922 1482 febre
950 1454 1017 1490 37.
1057 1456 1114 1490 40
1159 1442 1194 1479 Sc
1231 1452 1281 1487 50
1314 1442 1406 1480 reete
1433 1445 1610 1480 numerati
1644 1442 1712 1482 effe
1740 1443 1866 1481 viden-

265 1506 323 1536 tur
341 1528 350 1543 ,
382 1499 485 1539 facile
515 1503 637 1547 enim,
666 1502 731 1540 nifi
762 1504 914 1553 penduli
941 1502 1094 1540 secunda
1117 1503 1256 1539 minuta
1273 1500 1442 1539 vibrantis
1469 1501 1713 1540 oscillatIOnes
1740 1501 1862 1551 sequa.

265 1558 310 1594 ris
332 1587 341 1601 ‚
372 1560 520 1609 vulgare
546 1561 590 1600 ad
620 1562 862 1612 horologium
891 1565 929 1600 in
955 1561 1183 1600 numerando
1205 1566 1348 1598 erratur.
1401 1559 1555 1600 Dudum
1575 1572 1771 1600 numerum
1805 1566 1860 1599 60

261 1617 434 1668 pulsuum
460 1633 579 1659 rarum
602 1621 670 1660 effe
700 1620 863 1660 KEPLE
878 1631 966 1660 Rus
991 1622 1137 1660 monuit
1161 1621 1209 1670 (y
1229 1619 1249 1669 )
1268 1648 1278 1664 ‚
1303 1619 1438 1659 deinde
1459 1619 1554 1658 FLo
1569 1633 1592 1658 v
1608 1630 1730 1660 enus
1746 1619 1799 1668 (z
1814 1620 1832 1668 )
1849 1648 1860 1663 ‚

267 1678 329 1725 qui
357 1678 418 1716 vix
447 1692 611 1731 unquam
639 1683 819 1720 minorem
852 1681 951 1721 vidit.

1705 1737 1860 1787 Propius

350 1851 366 1926 ἕ
379 1853 420 1928 53
440 1852 473 1923 llil
486 1861 632 1930 c..Stephani
661 1893 689 1923 H
709 1902 728 1923 A
743 1900 761 1921 ιι
778 1900 795 1922 ιε
812 1903 823 1921 s
853 1891 1033 1932 haemustatiks
1048 1902 1078 1931 p.
1099 1902 1125 1928 3.

349 1933 363 1966 (
377 1944 406 1962 m
421 1935 434 1968 )
466 1932 612 1973 Phyfiolog.
626 1935 697 1964 med.
721 1944 749 1972 p.
767 1937 835 1969 686.

349 1974 362 2007 (
375 1985 395 2002 n
408 1977 422 2009 )
455 1973 643 2013 Pufi‘matcl).
1272 2012 1276 2016 Ι
1422 2011 1427 2017 ·

349 2015 412 2051 (ο)
438 2013 487 2059 Eo
513 2025 643 2046 numero
666 2034 674 2048 ⁷
700 2023 733 2046 ut
755 2013 890 2045 faciliori
915 2034 923 2048 ‚
945 2015 973 2044 ὅ(
1006 2012 1143 2045 secundis
1167 2012 1293 2045 minutis
1319 2012 1430 2051 aequali
1460 2012 1577 2044 solebat
1602 2011 1626 2043 B
1642 2021 1661 2043 0
1679 2022 1696 2044 z
1712 2022 1799 2046 Ruit
1819 2023 1857 2044 A-

269 2064 313 2086 v1
328 2066 349 2088 υ
367 2062 469 2134 Spkyll'.
492 2106 516 2127 c,
536 2107 566 2135 p.
585 2108 634 2133 40.
995 2132 998 2135 Δ

411 2140 424 2176 )
451 2136 570 2176 Ossood
590 2140 648 2168 and
671 2135 824 2177 discharges
846 2148 875 2179 p.
895 2144 928 2174 6,

447 2181 555 2259 12⁹2„
1224 2256 1228 2261 ,
1256 2254 1259 2261 ,

449 2262 484 2293 In
502 2260 697 2299 prolegomenis
721 2259 759 2287 ad
793 2258 823 2290 T
836 2271 855 2289 H
869 2270 884 2288 ε
895 2268 914 2288 o
927 2266 945 2287 Ρ
958 2269 976 2287 u
991 2270 1002 2288 1
1014 2269 1032 2289 1.
1043 2268 1067 2291 U
1077 2267 1106 2288 M
1129 2257 1161 2286 de
1181 2264 1271 2286 urtms
1300 2266 1329 2297 p.
1359 2262 1408 2296 38.

450 2302 540 2341 Apud
561 2300 588 2330 D
601 2310 623 2329 R
635 2309 686 2329 Ax
699 2310 709 2328 1
724 2311 745 2331 υ
762 2310 790 2329 Μ
813 2310 845 2330 ae
864 2301 958 2329 circul.
977 2299 1058 2339 sang.
1082 2299 1147 2332 thes.
1168 2295 1193 2328 I.

454 2386 463 2413 l

407 2182 419 2215 )

407 2221 419 2257 )

413 2263 427 2297 )

414 2304 435 2421 ἒ
457 2341 561 2382 Onsea
583 2338 693 2380 diseases
717 2351 745 2379 p.
770 2348 814 2378 53.
842 2349 909 2374 161.
938 2345 1001 2376 181.

381 2148 399 2175 q

381 2189 396 2207 Υ

381 2230 392 2248 s

386 2269 399 2290 t

383 2313 402 2331 u

382 2355 402 2372 x

385 2395 408 2422 y
467 2395 520 2414 ,ιι

355 2097 367 2131 (

353 2139 366 2172 (

354 2179 368 2215 (

355 2219 368 2255 (

360 2261 374 2294 (

354 2302 369 2336 (

354 2344 370 2419 ἕ

353 2427 419 2463 (z)
443 2436 471 2465 p.
494 2434 541 2464 74.
570 2428 638 2460 3¹6·
663 2421 704 2456 T.
728 2421 752 2455 Ι.
772 2421 805 2456 L.
832 2423 854 2454 1.
