1968 2706
462 180 694 220 mo‘rus
756 175 1305 218 PROGREsslvus
1596 185 1670 222 16,-

79 281 273 334 perfluenti
301 278 535 316 velocitatem
561 273 731 327 impertit.
794 273 880 311 Hoc
901 273 988 310 loco
1010 284 1098 311 vero
1126 273 1318 322 quaerimus
1352 270 1511 309 mediam
1545 272 1678 310 veloci-

79 350 190 381 tatem
213 337 317 388 (c),
343 349 412 386 qua
444 336 586 383 sanguis
615 346 681 382 per
704 339 842 371 aortam
868 331 1004 376 effluit,
1031 333 1210 370 continuo
1235 330 1385 369 flumine
1403 359 1414 374 ,
1444 330 1576 367 lentius
1603 333 1678 368 uti-

80 413 152 452 que
170 429 180 443 ,
203 410 311 448 quam
338 398 376 433 in
403 396 517 444 priori
546 393 712 436 calculo,
739 404 822 430 cum
848 398 992 441 tempus
1016 402 1114 428 nunc
1131 420 1140 434 ‚
1175 403 1250 440 quo
1281 391 1433 442 spatium
1465 390 1579 439 priori
1612 391 1681 428 cal·

81 461 167 499 culo
200 460 389 495 inventum
415 454 618 503 percurrit,
647 463 722 489 non
747 451 789 489 fit
809 453 915 489 unius
943 451 1087 500 systoles
1118 450 1237 488 cordis
1255 476 1267 494 ,
1294 450 1354 487 sed
1390 451 1496 487 unius
1525 451 1680 486 omnino

82 519 230 569 pulsus,
262 517 399 562 eritque
439 512 530 549 haec*
562 511 734 548 velocitas
768 517 870 548 tanto
906 510 1029 547 minor
1073 521 1137 554 ea,
1157 521 1265 558 quam
1307 510 1407 558 prius
1436 509 1642 546 invenimus
1670 538 1680 551 ‚

83 584 221 628 quanto
248 573 375 623 systole
403 571 524 609 cordis
555 571 701 608 brevior
730 571 779 607 est
804 577 971 619 tempore
996 569 1118 618 pulsus
1148 569 1273 605 totius.
1337 568 1407 605 Sed
1439 568 1516 606 haec
1558 568 1650 605 ratio
1671 598 1681 610 ‚

84 636 144 674 etfi
171 645 250 672 earn
282 631 445 669 definire.
474 631 535 667 vix
556 628 751 681 poffimus,
782 636 902 666 tamen
927 628 1121 678 subtripla,
1146 633 1207 665 aut
1242 628 1359 675 major
1383 627 1431 664 est
1463 641 1471 664 :
1505 638 1589 665 cum
1610 625 1681 664 dia-

81 695 187 732 stoles
216 700 364 739 tempus
390 689 544 739 systolen
568 690 648 726 satis
671 688 859 726 manifesto
881 688 1023 737 superet
1056 683 1165 736 (d).

176 752 282 790 Hanc
297 750 593 788 emendationem
614 776 623 790 ‚
646 747 672 784 fi
689 750 726 786 in
745 747 809 785 ΚΕ
824 758 833 785 1
848 759 867 784 L
882 759 893 784 1
910 760 922 784 1
945 747 1127 784 calculum
1145 740 1392 783 introduxefis
1409 772 1418 788 ‚
1445 751 1551 782 erunt
1575 744 1686 793 pedes

85 818 137 862 52
155 838 167 854 ,
196 823 289 861 quos
317 807 458 857 sanguis
473 819 519 844 ex
542 807 653 845 corde
677 807 885 856 prodeuns,
913 808 951 843 in
966 818 1042 843 uno
1066 807 1210 843 minuto
1230 805 1350 852 primo
1368 805 1544 852 percurrit
1563 799 1584 854 (
1600 803 1652 851 e)
1675 813 1687 845 3

82 871 107 907 fi
133 876 168 909 in
194 870 228 908 H
246 886 265 906 A
285 881 336 906 LE
351 880 426 906 sm
442 879 561 910 NUM,
582 875 686 904 erunt
711 868 821 917 pedes
838 866 947 915 paulo
974 867 1094 902 minus
1119 877 1169 910 50
1186 858 1275 915 (f).
1339 861 1383 900 In
1400 875 1477 900 uno
1500 862 1592 900 adeo
1610 862 1688 911 pul-

84 930 121 969 su
138 960 147 974 ‚
191 928 315 978 posuis
343 925 503 976 pulfibus
530 928 636 963 unius
669 926 801 961 minuti
823 935 877 970 75
895 953 905 967 ,
939 926 1007 961 erit
1037 924 1198 962 celeritas
1223 935 1269 960 ex
1296 923 1409 972 priori
1442 922 1583 961 calculo
1608 921 1689 973 pol-

85 987 196 1028 licum
219 988 301 1024 οᾶο
330 988 366 1023 in
397 997 473 1023 uno
500 986 624 1036 pulsu,
656 996 702 1021 ex
731 984 920 1033 posteriori
946 984 1131 1032 aliquanto
1159 984 1292 1019 minor.

172 1042 359 1085 Claudius
393 1040 481 1084 NiC.
518 1045 551 1080 le
578 1044 699 1086 CAT,
728 1043 772 1078 ad
797 1040 992 1079 dimidium
1019 1045 1056 1078 in
1087 1041 1247 1079 secundo
1271 1041 1416 1078 minuto
1457 1040 1590 1088 pedem
1612 1049 1689 1076 eam

85 1107 316 1145 velocitatem
356 1104 496 1142 reducit
521 1096 657 1153 (f*).
707 1101 1037 1139 FRANmscus
1075 1099 1347 1142 Bo1ss1ER,
1391 1098 1497 1136 V1R
1537 1098 1613 1136 CL.
1652 1099 1690 1133 in

87 1177 228 1214 nupero
261 1164 403 1201 calculo
443 1161 608 1199 eamdem
637 1162 768 1197 iterum
804 1160 982 1196 diminuit.
1030 1159 1150 1207 Auget
1183 1160 1281 1195 enim
1306 1158 1436 1195 ostium
1471 1163 1610 1198 aortae,
1640 1155 1691 1193 uti

87 1225 218 1262 monui
247 1248 259 1266 ,
292 1223 447 1271 facitque
472 1248 484 1265 ‚
518 1232 566 1258 ex
605 1219 730 1258 adulto
767 1218 921 1255 homine
949 1219 1113 1255 diametri
1156 1229 1219 1255 ιο.
1260 1226 1322 1259 11,
1354 1218 1413 1253 lin.
1447 1214 1514 1268 (g
1543 1213 1558 1264 )
1588 1215 1633 1250 ita
1656 1215 1692 1251 id

88 1284 220 1321 ostium
269 1290 376 1319 aortae
424 1281 655 1317 mediocriter
701 1278 855 1317 extensae
908 1279 953 1316 ad
996 1277 1107 1314 lineas
1162 1281 1256 1314 126.
1315 1283 1339 1312 6
1381 1275 1527 1313 aestimat
1565 1274 1584 1321 (
1612 1268 1636 1310 lz
1665 1271 1689 1322 ).

88 1341 234 1381 Deinde
263 1341 388 1378 saltum
420 1338 579 1377 HALES
596 1352 608 1376 1
626 1350 788 1380 ANUM,
812 1345 999 1387 tamquam
1018 1349 1064 1374 ex
1091 1336 1224 1373 ultimo
1255 1342 1391 1372 conatu
1420 1332 1581 1371 animalis
1611 1344 1694 1381 pro-

89 1401 264 1444 duetum,
294 1413 313 1437 a
340 1413 364 1446 7
397 1399 548 1448 pedibus
576 1399 717 1435 reducit
742 1397 785 1434 ad
810 1405 862 1434 16
891 1397 1069 1445 pollices,
1090 1395 1264 1432 volumen
1286 1406 1371 1432 vero
1397 1394 1579 1442 sanguinis
1606 1392 1694 1429 dua-

88 1461 155 1498 bus
181 1461 298 1496 unciis
324 1459 483 1507 aequale,
518 1457 562 1494 ad
594 1464 721 1504 4989.
752 1456 814 1492 lin.
843 1457 970 1506 quadr.
1003 1451 1081 1503 (i)
1104 1465 1117 1492 .·
1143 1456 1190 1491 ita
1220 1454 1314 1491 redit
1335 1455 1401 1490 iter
1423 1454 1467 1490 ab
1493 1452 1589 1489 unda
1620 1450 1696 1488 san-

89 1520 237 1567 guinis,
269 1520 305 1554 in
328 1518 415 1556 sano
443 1514 622 1560 homine,
653 1517 697 1553 de
731 1515 842 1552 corde
878 1518 914 1553 in
941 1521 1080 1552 aortam
1119 1513 1299 1562 propulsae
1319 1541 1328 1555 ‚
1355 1511 1401 1549 ad
1438 1518 1508 1548 tres
1542 1510 1695 1559 pollices

92 1589 177 1615 cum
227 1585 326 1627 parte
369 1584 494 1626 quarta
543 1578 581 1613 in
621 1583 703 1614 toto
744 1574 849 1623 pulsu
888 1587 896 1611 :
942 1576 976 1611 ἃ
1015 1573 1040 1610 fi
1077 1573 1262 1621 aliquanto
1304 1571 1384 1620 plus
1417 1568 1578 1607 sumseris
1621 1567 1697 1605 san-

92 1637 212 1684 guinis
233 1665 243 1679 ,
277 1637 321 1673 ad
350 1636 470 1672 uncias
500 1641 569 1672 tres
587 1665 596 1678 ‚
627 1637 693 1672 erit
722 1636 829 1671 etiam
859 1635 1044 1684 aliquanto
1071 1624 1192 1669 minor
1213 1629 1397 1668 velocitas.
1442 1628 1617 1678 Denique
1639 1626 1696 1676 sy-

92 1695 207 1732 stolen
232 1696 268 1732 ἃς
305 1694 478 1730 diastolen
505 1695 624 1731 cordis
649 1705 756 1742 aequo
794 1701 960 1742 tempore
998 1690 1124 1741 peragi
1155 1722 1164 1736 ,
1194 1690 1330 1727 IDEM
1365 1689 1487 1726 audior
1511 1689 1560 1726 est
1591 1683 1668 1739 (k)
1690 1713 1700 1728 ‚

93 1761 133 1792 ut
160 1754 251 1791 adeo
284 1753 500 1790 celeritatem
528 1765 547 1790 a
578 1753 703 1802 systole
741 1751 860 1788 cordis
891 1761 1010 1791 natam
1038 1752 1270 1788 vehemtnter
1298 1750 1446 1786 minuat.

180 1813 216 1851 Si
239 1813 338 1850 hunc
369 1811 550 1850 calculum
586 1825 672 1850 cum
695 1812 879 1849 celeritate
908 1812 1088 1861 sanguinis
1119 1810 1382 1861 comparaveris
1401 1834 1413 1852 ‚
1438 1818 1508 1856 qua
1542 1806 1604 1843 sub
1632 1806 1701 1842 mi-

1008 1869 1050 1907 X
1096 1879 1114 1914 3
1557 1865 1703 1902 crosco-

183 1984 243 2020 (c)
267 1983 283 2013 S
297 1993 357 2014 TAE
371 1994 469 2014 nl-:Lt
483 1995 505 2014 N
527 1986 561 2014 de
576 1987 605 2015 vi
626 1987 717 2015 cordis
742 1994 770 2023 p.
798 1990 824 2018 8.
861 1983 878 2011 S
892 1993 911 2012 A
927 1994 982 2012 Uv
996 1993 1015 2012 A
1030 1993 1047 2013 G
1064 1994 1102 2013 ns
1128 1984 1162 2012 de
1180 1983 1315 2018 inflamur.
1341 1991 1370 2019 p.
1393 1991 1460 2017 245·

178 2026 242 2062 (tl)
265 2024 298 2055 L.
321 2025 372 2056 lV.
391 2037 418 2064 p.
440 2038 506 2061 449.
527 2037 596 2062 454.
625 2029 679 2056 ἃς.
711 2026 759 2055 Ad
783 2018 1059 2063 quinquagefimin
1078 2030 1198 2065 partem
1224 2020 1344 2052 reduxit
1368 2022 1392 2059 J.
1416 2021 1449 2052 R.
1480 2020 1497 2050 S
1513 2029 1576 2050 ΤΕ
1590 2028 1637 2050 ΗΕ
1651 2030 1709 2049 Lx-

98 2076 121 2097 n
135 2076 158 2097 υ
173 2076 185 2095 s
206 2068 223 2096 Ι.
244 2077 267 2096 c.
291 2078 317 2105 p.
342 2077 388 2102 17.
406 2071 442 2108 ¹&
471 2067 516 2098 111.
549 2067 565 2097 S
582 2078 598 2096 c
612 2079 630 2097 H
644 2078 743 2112 1313
758 2078 773 2097 E
788 2077 809 2098 R
834 2066 864 2096 in
884 2066 1049 2105 Almgesto.

180 2109 241 2152 (e)
260 2118 288 2145 p.
310 2119 346 2141 44
353 2121 377 2142 9.
398 2108 558 2147 proximus
571 2136 577 2141 ,
588 2119 732 2140 uumerus
753 2107 788 2138 M
800 2117 818 2137 0
832 2118 851 2138 R
866 2118 882 2138 c,
893 2118 914 2138 A
925 2118 946 2137 N
960 2119 971 2137 1
984 2118 1004 2137 A
1016 2118 1037 2138 N
1049 2118 1067 2139 o
1079 2125 1087 2139 ,
1118 2104 1170 2144 qui
1182 2103 1230 2135 vir
1249 2113 1283 2142 55
1301 2104 1393 2144 pedes
1409 2104 1442 2134 in
1462 2102 1584 2135 minuto
1608 2102 1710 2141 primo

98 2158 233 2188 percunl
254 2148 368 2179 maluit.

182 2187 231 2225 (f
240 2192 250 2221 )
281 2199 307 2227 P·
337 2201 405 2227 ⁴54-
748 2205 758 2212 ·

183 2231 221 2267 (f
231 2228 273 2266 ⁹⁶)
303 2230 373 2262 Diff,
384 2230 439 2270 fisr
462 2234 485 2261 Ie
505 2229 668 2272 nze¹canifine
691 2235 732 2263 du
753 2237 929 2264 mouvement
951 2232 997 2261 des
1022 2229 1135 2271 nzzgslles
1157 2239 1188 2269 p.
1211 2233 1258 2266 83.

184 2272 256 2347 {53
280 2274 373 2302 Mem.
396 2274 430 2302 de
448 2274 564 2307 l'Acad.
589 2278 622 2305 de
641 2277 739 2307 Berlin
766 2285 852 2313 1755.
879 2284 908 2313 p.
933 2281 978 2311 34.

219 2322 231 2340 J
279 2321 308 2349 Ρ.
337 2321 381 2349 36,

184 2353 246 2385 (i)
273 2363 299 2388 ι’.
327 2363 372 2386 zv.

183 2393 252 2430 (k)
277 2396 313 2424 In
323 2394 442 2435 haemast.
466 2406 496 2435 p.
522 2407 567 2434 3²·
784 2376 804 2395 ⁸
