1968 2706
579 123 763 164 MOTI
834 123 1202 167 EFFECTUS.
1510 129 1517 139 ¹
1597 137 1676 172 309

82 227 160 265 fitio
185 227 223 263 in
244 219 458 262 humoribus
487 221 614 260 nostris
644 220 806 258 nascitur.
859 218 1078 259 Ostendetur
1109 221 1174 258 suo
1204 218 1291 257 loco
1321 215 1402 268 (c)
1430 219 1454 256 fi
1482 219 1613 270 absque
1630 224 1682 260 ci-

87 289 135 324 bo
168 286 205 323 ὃς
230 290 322 333 potu
347 281 496 321 essemus
516 310 526 324 ‚
556 280 719 318 celeriter
745 279 957 326 sanguinem
984 280 1125 319 diffolvi
1149 308 1159 322 ‚
1186 279 1331 328 sputum
1349 305 1360 324 ‚
1395 280 1431 316 ἃ
1463 291 1612 318 mucurn
1642 293 1682 319 0.

86 346 132 382 ris
159 343 302 382 olidum
336 341 459 385 reddi,
494 341 707 379 acerrimam
739 339 878 376 urinam
904 365 915 384 ‚
946 340 1107 378 faetidum
1140 338 1306 376 sudorem
1327 367 1336 383 ,
1371 350 1452 376 vera
1485 345 1581 377 certe
1613 352 1682 391 pu-

88 404 237 442 tredinis
262 402 372 440 initia.
424 401 464 438 In
488 400 585 437 febre
614 397 747 436 etiamsi
778 410 867 446 aqua
886 398 1101 437 admiscetur
1123 428 1133 442 ,
1172 405 1292 436 tamen
1326 398 1461 436 horum
1492 397 1615 436 fimilia
1643 399 1682 437 fi-

88 471 179 507 unt,
211 463 246 499 δε
272 460 466 510 aliquando
493 461 599 497 etiam
631 459 796 506 graviora
822 453 925 507 (d).
973 458 1010 495 Si
1039 459 1174 496 causam
1193 465 1372 506 generatae
1389 459 1598 497 acrimoniae
1613 471 1681 509 pu-

89 522 189 560 tridae
212 519 432 569 inquifiveris
455 548 465 562 ‚
492 518 632 556 videtur
658 515 757 554 calor
778 542 790 559 ,
823 516 936 565 qualis
964 519 1002 554 in
1028 517 1190 555 humano
1215 516 1387 565 sanguine
1407 525 1602 567 perpetuus
1619 517 1680 556 ha-

85 583 174 619 bitat
196 580 246 631 (e
261 578 277 628 )
292 577 491 628 ‚tritusque
520 571 598 628 (f)
619 584 834 626 perpetuus,
855 578 918 627 qui
931 578 1023 615 inter
1046 577 1175 615 solidas
1195 575 1392 626 fluidasque
1413 578 1579 625 corporis
1594 589 1675 626 par-

86 638 233 681 ticulas,
267 639 302 675 &z
330 636 423 675 inter
460 638 659 675 humorum
702 636 853 674 demum
900 637 1078 675 elementa
1116 642 1331 679 exercetur,
1373 637 1411 672 in
1443 636 1515 673 hoc
1550 636 1677 675 effectu

81 697 326 749 producendo
355 698 541 745 conjungi.
589 696 823 735 Ostendimus
840 697 939 733 enim
957 709 1021 746 per
1046 698 1319 745 experimenta,
1346 695 1382 732 ἃ
1416 707 1434 732 a
1452 694 1570 732 calore
1593 708 1648 743 94
1665 723 1678 742 ,

82 765 143 796 aut
168 766 221 802 96
248 756 421 794 humores
445 757 584 794 nostros
618 768 664 793 ex
692 757 838 806 propria
867 755 992 792 indole
1029 767 1125 793 acres
1159 754 1284 800 reddi,
1307 755 1342 791 ὃς
1362 754 1566 803 putrescere
1600 768 1607 790 :
1641 756 1679 793 &

83 819 209 855 tritum
232 815 270 853 in
299 815 484 868 particulis
512 815 723 853 animalibus
751 814 916 853 eamdem
945 814 1266 864 degenerationem
1289 824 1519 863 promovere.
1552 812 1678 859 Quare

82 888 158 925 quo
180 883 330 926 utraque
361 874 462 913 causa
491 875 678 923 potentior
698 873 826 917 fuerit,
862 886 907 911 eo
943 874 1214 913 vehementiora
1248 874 1355 910 etiam
1393 872 1593 922 putredinis
1624 874 1678 912 in-

83 942 266 973 crementa
288 933 493 976 sunt,s1ve
520 934 677 971 calorem
710 931 866 970 nimium
894 933 1092 984 aestumque
1120 935 1217 971 venti
1242 931 1375 970 Samiel
1404 930 1583 985 repetiisse
1610 932 1675 987 (g)

79 992 285 1043 placuerit,
318 992 386 1030 five
412 991 600 1036 febrium,
626 998 686 1030 aut
713 992 915 1030 mechanici
938 992 1088 1031 demum
1120 994 1222 1030 tritus
1249 987 1360 1043 (h),
1396 1000 1456 1030 aut
1485 992 1579 1040 ignis
1618 993 1677 1030 su-

79 1054 193 1091 bitam
220 1049 311 1100 (i)
339 1050 545 1089 efficaciam.
593 1049 719 1089 Subita
752 1052 851 1089 enim
866 1064 1060 1100 gangraena
1088 1065 1106 1092 a
1130 1052 1204 1091 sola
1231 1063 1406 1091 manuum
1434 1051 1479 1089 ad
1502 1051 1676 1092 rudentes

80 1114 188 1150 nimis
217 1112 324 1150 celeri
349 1111 514 1149 ftistione
536 1111 708 1154 nascitur,
743 1110 919 1160 acideque
957 1119 1081 1149 natura
1111 1112 1154 1148 ab
1190 1111 1367 1159 ejusmodi
1401 1110 1511 1149 causis
1548 1112 1677 1161 utique

79 1172 256 1220 subigitur
276 1168 374 1224 (k).
437 1169 473 1207 Si
497 1170 750 1208 mechanicam
776 1171 957 1209 rationem
982 1170 1157 1208 curiofior
1185 1171 1393 1221 repetieris,
1428 1182 1498 1219 qua
1532 1169 1609 1207 haec
1642 1183 1678 1209 a-

80 1232 257 1268 crimonia
275 1230 492 1282 producitur
513 1257 522 1272 ,
551 1229 642 1266 nihil
670 1229 874 1266 adferemus
902 1225 971 1280 (l)
996 1229 1061 1267 nisi
1091 1241 1329 1268 communem
1350 1229 1489 1278 legem,
1528 1240 1597 1278 qua
1619 1230 1674 1267 his

80 1301 126 1328 ex
153 1289 263 1327 caufis
293 1290 373 1329 olea
405 1289 574 1326 acerrima
591 1314 602 1333 ‚
632 1288 815 1340 particulae
843 1289 1010 1326 nondum
1033 1289 1124 1327 salsae
1151 1289 1384 1327 vehementer
1420 1287 1573 1325 urinosae
1593 1289 1677 1326 red-

81 1349 215 1386 duntur
236 1377 245 1392 ,
272 1350 367 1398 pigri
399 1347 595 1397 viscidique
626 1347 796 1385 humores
824 1355 950 1385 tenues
980 1377 990 1392 ,
1014 1350 1283 1398 minimumque
1309 1348 1353 1386 ad
1378 1349 1503 1396 ignem
1532 1346 1678 1387 adscen-

81 1408 149 1446 furi
174 1419 272 1446 nunc
304 1407 497 1457 volatiles,
521 1408 628 1445 etiam
659 1414 759 1445 extra
787 1420 920 1459 corpus
954 1408 1109 1447 animale
1139 1407 1239 1446 fiunt.

605 1522 640 1574 §.
685 1524 816 1564 XVI.
866 1520 1048 1564 Globulus
1071 1519 1189 1577 facit.

171 1639 326 1681 Globuli
355 1642 391 1680 δε
417 1641 508 1689 ipfi‚
535 1642 640 1680 serius
672 1648 817 1688 tamen,
851 1655 918 1695 per
945 1645 1178 1693 putredinem
1215 1643 1445 1681 destruuntur
1471 1643 1506 1680 Sc
1536 1644 1680 1681 evanes-

82 1708 170 1740 cunt
199 1702 309 1751 (m).
374 1701 580 1747 Quomodo
614 1715 675 1740 eos
710 1705 761 1740 vis
797 1703 1034 1741 circumduffi
1076 1704 1256 1751 sanguinis
1282 1704 1412 1751 figuret
1436 1700 1497 1752 (n
1516 1704 1557 1751 ),
1587 1715 1679 1751 quo-

81 1761 196 1800 modo
229 1776 247 1801 a
275 1763 460 1800 minorum
493 1761 660 1801 vasorum
697 1762 895 1800 luminibus
926 1762 1128 1801 mensuram
1172 1762 1269 1800 suam
1307 1768 1520 1801 mutuentur
1550 1762 1680 1809 (o)·,

1037 1821 1127 1872 Qq
1176 1832 1192 1866 3
1603 1833 1679 1858 non

163 1937 227 1971 (c)
246 1936 325 1974 Lege
346 1935 472 1967 interim
498 1939 603 1968 Comm.
628 1936 806 1968 Bosana
822 1944 886 1967 Av.
911 1935 948 1966 ad
973 1935 1014 1968 T.
1039 1933 1063 1965 Ι.
1088 1945 1153 1974 cap.
1174 1936 1205 1964 de
1227 1936 1343 1964 ventric.
1370 1935 1421 1966 ηᾶἕ,

159 1977 228 2013 (d)
252 1988 280 2015 p
303 1984 351 2014 85
372 1983 422 2009 86·

160 2020 265 2057 (em)
270 2028 346 2056 35
372 2026 418 2055 36

161 2058 223 2096 (s)
243 2071 272 2098 p.
286 2069 352 2092 272.
377 2059 457 2098 seqq.

161 2101 272 2139 (gip.
301 2110 346 2137 33.

161 2141 232 2187 (J)
367 2165 376 2171 -

163 2182 226 2216 (z)
251 2192 281 2219 p.
302 2191 368 2219 157.

159 2223 224 2257 (kx
250 2221 482 2260 MichusR
507 2224 596 2254 chem.
612 2231 687 2262 pr.at
721 2231 749 2261 p.
780 2234 848 2259 441.
888 2222 1108 2256 NEUMAN.
1135 2232 1170 2256 en
1197 2224 1260 2255 edit
1284 2221 1531 2255 memnnm.
1562 2232 1592 2260 p-

146 2262 195 2298 (l
207 2265 219 2294 )
242 2263 277 2293 Iu
300 2266 412 2293 morbis
436 2264 558 2294 acutis
550 2266 621 2302 figu
625 2276 673 2295 am
691 2265 844 2301 globosum
866 2266 1044 2299 humoribus
1067 2267 1176 2299 nostris
1198 2263 1387 2297 familiarem
1411 2274 1444 2295 m
1471 2271 1595 2298 acutam
1615 2269 1682 2292 mu-

72 2304 130 2336 tari
154 2304 313 2334 aestimavit
333 2306 395 2341 Joh
419 2306 455 2336 dc
486 2305 673 2337 GORTER
696 2306 742 2335 Ch.
740 2317 825 2345 rurg
848 2316 957 2347 repurg.
984 2321 1012 2349 p
1034 2314 1082 2344 18.

184 2356 212 2374 ’n
271 2357 289 2376 ).

153 2348 289 2425 ((n))1i.
299 2351 368 2423 2256.
384 2357 543 2419 E407modo
571 2386 640 2426 pilae
658 2388 780 2419 maiinae
801 2391 962 2424 nascuntur
986 2390 1168 2424 Linou.
1196 2392 1317 2429 l.c.1
1344 2399 1392 2425 25·

153 2430 227 2465 (ο)
254 2427 523 2463 ΒοεΕΗΑΑνΕ
548 2441 576 2461 n.
598 2440 668 2462 200
690 2440 773 2463 num.
806 2439 832 2464 3.
