1968 2706
554 176 767 228 SEC‘T.
819 182 895 226 ΙΙ.
960 185 1226 226 canoa.
1611 196 1689 234 103

78 296 140 333 to,
173 288 210 326 δε
250 283 476 326 craffamenti
510 284 595 322 ficei
631 284 730 321 libris
760 282 899 326 tribus,
930 281 1073 332 spiritus
1104 283 1233 321 eduxit
1268 280 1458 321 drachmas
1489 291 1538 326 28
1586 295 1696 331 grana

82 362 133 397 30
165 349 264 398 [e]:
301 347 338 383 in
378 344 450 383 alio
479 355 563 382 vero
599 343 856 394 experimento
887 353 935 379 ex
972 343 1157 391 sanguinis
1186 343 1319 391 integri
1356 342 1455 379 libris
1491 342 1552 380 sex
1580 344 1695 380 unciis

79 415 250 459 quatuor,
285 405 368 443 ficei
399 414 484 441 vero
514 404 657 441 cruoris
683 403 800 440 unciis
844 403 995 450 viginti,
1030 404 1186 441 omnino
1220 403 1361 452 spiritus
1391 402 1516 440 uncias
1542 402 1696 445 decem,

78 466 339 516 drachmasque
366 463 518 512 septem,
538 461 608 502 five
638 460 720 512 plus
751 461 901 500 dimidia
927 469 1031 511 parte
1058 462 1201 510 spiritus
1233 463 1357 500 elicuit
1378 455 1468 514 [f],
1509 474 1590 512 quae
1618 463 1700 510 qui-

81 528 166 567 dem
199 526 304 578 copia
344 524 507 572 priorem
542 522 703 560 multum
739 521 892 571 superat.
959 516 1196 560 Gualtherus
1232 521 1494 560 NEEDHAM
1528 533 1574 559 ex
1610 520 1701 570 sapae

82 587 263 635 sanguinis
297 581 450 620 humani
478 580 596 620 unciis
622 580 681 619 sex
711 580 853 633 spiritus
885 583 1006 619 uncias
1039 589 1109 620 tres
1133 582 1304 619 obtinuit.
1333 581 1503 619 Proxima
1544 581 1704 619 Eamn-

85 659 131 684 LI
149 658 161 682 1
215 644 264 681 est
319 642 412 679 ratio
434 671 438 673 .
460 643 524 691 qui
579 641 746 679 dimidiae,
798 642 892 690 parti
935 641 1117 690 sanguinis
1165 641 1270 679 suum
1313 641 1474 689 spiritum
1529 641 1705 690 aequalem

84 704 208 744 habuit
231 703 244 749 [
254 695 349 753 f*]
366 730 375 744 ,
405 699 595 740 dimidiam
618 711 707 749 ergo
734 707 876 752 partem
898 702 1010 738 totius
1045 702 1134 751 sapae
1156 697 1238 754 [g]
1262 702 1382 749 grumi
1402 712 1490 738 vero
1520 696 1559 751 7³0
1587 693 1707 753 Jaco-

84 761 149 803 bus
175 762 233 812 Ju
253 774 274 798 R
294 772 347 799 IN
379 754 480 807 [h]‚
514 760 574 798 vel
619 753 817 812 Iohannes
846 758 1059 798 Bizownn
1094 774 1172 812 quo
1205 759 1368 799 artifice,
1401 759 1474 803 (31.Ν
1490 762 1543 796 vir
1574 761 1617 797 ad
1643 771 1708 797 ex-

85 823 288 876 perimenta
333 818 414 858 usus
455 819 529 863 est,
565 819 611 856 de
655 821 772 857 unciis
811 819 991 868 sanguinis
1032 828 1084 869 78
1120 821 1275 864 habuit,
1311 821 1452 857 cruoris
1474 819 1557 856 ficei
1585 820 1709 856 uncias

87 895 138 930 41
158 911 167 925 ,
201 879 391 918 drachmas
418 877 528 922 duas,
571 878 692 928 deque
724 878 780 916 his
805 887 858 929 41
894 880 1009 916 unciis
1034 880 1176 930 spiritus
1200 879 1386 917 debilioris
1411 880 1534 916 uncias
1561 878 1708 927 septem,

88 937 299 980 meracioris
332 938 458 976 uncias
493 937 630 986 septem
665 938 701 974 &
727 938 918 976 drachmas
947 938 1032 983 sex,
1062 940 1231 990 adeoque
1268 939 1343 976 sere
1368 938 1434 981 Li,
1466 938 1548 990 plus
1577 949 1711 985 nempe

91 1001 195 1038 tertia
221 997 407 1046 sanguinis
441 996 537 1038 ficei,
566 997 748 1045 sanguinis
771 1009 853 1035 vera
890 999 1006 1035 totius
1036 998 1078 1028 Q
1129 994 1319 1053 Crisparus
1343 969 1412 1036 1⁸14}
1428 1011 1448 1035 u
1466 1009 1494 1034 m
1511 1010 1534 1034 A
1549 1009 1610 1034 NN
1634 994 1710 1044 [i]‚

1037 1031 1054 1049 7
1088 1031 1092 1035 ,

93 1072 139 1098 ex
165 1057 348 1106 sanguinis
382 1054 467 1093 sicci
494 1055 677 1093 drachmis
704 1063 754 1099 28
772 1085 781 1099 ‚
816 1058 952 1105 integri
978 1029 1074 1094 veros
1093 1058 1275 1107 sanguinis
1306 1058 1395 1094 libra
1422 1070 1493 1095 una
1511 1086 1520 1100 ,
1551 1055 1714 1094 obtinuit

93 1118 236 1171 spiritus
265 1117 437 1157 unciam,
473 1113 542 1150 sive
571 1122 714 1163 partem
742 1115 924 1163 sanguinis
952 1115 1133 1154 decimam
1165 1118 1321 1160 sextam,
1359 1118 1482 1165 grumi
1509 1128 1586 1153 non
1610 1116 1715 1167 peni-

94 1184 152 1215 tus
185 1176 347 1215 tertiam.
389 1172 609 1211 Proximum
647 1173 696 1211 est
734 1172 1080 1213 VERHEYENll
1114 1177 1412 1228 experimentum
1433 1204 1442 1218 ,
1469 1176 1506 1212 in
1546 1187 1621 1225 quo
1663 1174 1716 1211 fe-

96 1249 133 1274 re
163 1234 206 1287 r}
236 1235 385 1272 fuerunt
422 1232 563 1284 spiritus
592 1229 683 1280 [Η.
736 1228 782 1270 Jn
813 1234 1068 1283 experimento
1103 1236 1175 1273 alio
1208 1248 1224 1273 a
1259 1234 1287 1285 J.
1329 1233 1367 1272 B.
1405 1233 1624 1272 VERDuc
1661 1245 1719 1270 re-

98 1296 172 1341 lato
202 1292 269 1332 alia
293 1291 437 1341 spiritus
459 1293 583 1340 portio
608 1292 656 1330 est
673 1292 752 1330 fore
769 1293 823 1345 7¹3„
849 1305 984 1346 nempe
1001 1293 1183 1333 drachmae
1199 1304 1357 1345 quatuor
1384 1306 1468 1332 cum
1495 1294 1643 1332 dimidia
1673 1303 1720 1329 ex

102 1361 153 1400 78
188 1348 271 1402 [l].
339 1350 695 1390 HOMBERGIUS
738 1364 784 1390 ex
816 1353 919 1390 libris
950 1353 1136 1402 sanguinis
1169 1355 1325 1394 sedecim
1354 1353 1523 1405 spiritus,
1559 1353 1620 1391 sed
1648 1363 1719 1388 una

101 1423 186 1450 cum
223 1411 292 1449 sale
323 1409 451 1447 habuit
478 1412 602 1449 uncias
633 1412 852 1456 duodecim,
891 1419 1030 1462 partem
1063 1425 1197 1464 nempe
1227 1415 1339 1452 totius
1370 1412 1552 1462 sanguinis
1582 1411 1723 1450 duode-

103 1473 237 1509 cimam
266 1469 374 1517 [m],
406 1468 430 1505 fi
463 1469 509 1509 de
545 1470 646 1509 libris
677 1483 727 1511 12
758 1473 950 1510 unciarum
976 1472 1092 1511 sermo
1109 1474 1167 1512 est.
1198 1468 1393 1512 Roberrus
1420 1471 1598 1510 Βογιε
1637 1471 1719 1518 [n]

105 1543 151 1568 ex
185 1530 270 1568 ficei
302 1529 485 1576 sanguinis
517 1528 636 1568 unciis
665 1533 796 1580 viginti
825 1539 1008 1581 quatuor,
1043 1532 1184 1582 spiritus
1216 1530 1392 1585 appendit
1426 1531 1551 1569 uncias
1586 1536 1608 1567 6
1638 1542 1723 1567 cum

107 1589 279 1631 dimidia,
311 1594 453 1637 partem
479 1587 571 1625 adeo
602 1589 678 1629 fere
704 1592 859 1628 tertiam.
906 1590 948 1628 In
982 1590 1035 1627 his
1065 1592 1232 1641 periculis
1254 1592 1345 1630 ratio
1387 1591 1530 1640 spiritus
1558 1589 1606 1627 ad
1633 1601 1727 1638 gru-

107 1660 210 1685 mum
237 1647 420 1695 sanguinis
452 1645 624 1684 siccatum
653 1649 701 1686 est
743 1662 761 1687 a
793 1650 945 1687 dimidia
986 1649 1030 1686 ad
1071 1653 1212 1689 tertiam
1242 1652 1314 1688 fere
1339 1656 1502 1699 partem,
1536 1650 1573 1686 in
1607 1647 1723 1696 priori

110 1709 208 1744 enim
252 1706 508 1756 experimento
559 1704 692 1744 V1Eu
711 1717 824 1746 ssi-:N
842 1721 852 1745 1
870 1719 926 1746 us
974 1708 1188 1757 sanguinem
1230 1711 1338 1747 nimis
1377 1708 1516 1746 siccasse
1561 1707 1715 1745 videtur.

110 1765 199 1804 Inde
232 1763 258 1801 fi
282 1774 433 1812 grumus
464 1764 577 1802 tuber
603 1765 700 1803 sexta
732 1779 810 1817 pars
833 1768 883 1806 est
911 1766 1093 1816 sangui-nis
1127 1770 1267 1814 totius,
1294 1769 1435 1818 spiritus
1463 1780 1543 1817 pars
1576 1768 1642 1804 erit
1663 1772 1727 1804 aut

112 1823 353 1867 duodecima,
388 1829 449 1861 aut
474 1822 618 1863 decima
651 1825 774 1866 oaava
802 1828 995 1877 sanguinis.
1041 1825 1161 1869 Facile
1193 1840 1279 1867 vero
1314 1828 1434 1878 aliqua
1458 1826 1639 1865 diversitas
1667 1824 1727 1862 vel

1683 1895 1730 1921 ex

229 2245 260 2280 ι)
282 2246 300 2274 1.
328 2256 355 2277 c.
388 2254 492 2283 ›.763.

257 2285 269 2321 )
291 2285 347 2325 Ap.
366 2259 397 2320 517
409 2300 426 2319 ε
441 2295 461 2316 R
474 2297 497 2317 n
510 2297 534 2318 υ
548 2298 564 2317 c
596 2297 628 2326 p.
650 2293 718 2323 371.
744 2284 962 2320 drachmarum
979 2287 1074 2320 trium
1088 2299 1124 2322 ex
1141 2289 1259 2331 septem
1278 2287 1390 2322 unciis.

211 2326 267 2361 (l)
290 2325 415 2360 VERD
431 2340 485 2360 uc
511 2338 540 2367 p.
565 2332 632 2366 ³67·

207 2367 219 2401 (
253 2367 443 2401 1)Άίε>ιιοίν.
465 2380 552 2403 1712.
574 2380 602 2407 p.
624 2379 668 2404 13·

207 2407 286 2445 (n)
309 2409 451 2449 Apparnt.
472 2412 509 2441 ml
530 2411 589 2450 hist·
609 2409 693 2450 fimg.
715 2419 745 2449 p.
767 2420 813 2448 50.
