1968 2706
415 161 916 202 DIVERSITATIS
960 160 1339 202 HUMORUM.
1655 170 1735 215 463

141 271 238 310 que,
264 259 406 307 quoties
427 246 637 296 intestinum
664 257 722 296 vel
746 259 842 295 intus
868 259 912 295 ab
937 270 1016 295 aere
1047 256 1288 309 expanditur,
1311 260 1549 309 tunicamque
1574 260 1670 298 suam
1689 262 1742 297 in-

141 320 310 355 teriorem
337 317 380 354 ad
409 319 633 356 exteriorem
660 317 850 365 adprimit‚
884 317 942 354 vel
967 317 1115 355 viciffim
1132 317 1230 354 fibrae
1248 330 1384 356 carneae
1406 319 1568 357 irritabili
1587 323 1619 357 vi
1635 322 1743 356 motae

141 378 238 414 idem
259 377 467 413 intestinum
490 377 631 414 ariiant.
676 375 732 413 Ita
758 377 914 414 obtineri
934 377 1078 414 videtur
1099 405 1111 421 ‚
1138 384 1178 414 ut
1201 379 1237 414 in
1264 378 1395 427 hepate
1412 378 1591 427 separetur
1608 380 1744 417 humor

141 437 229 473 acris
246 464 255 478 ‚
277 447 438 478 amarus,
462 435 712 472 inssammabili
730 437 878 474 materie
903 448 1090 485 praegnans
1110 465 1119 479 ‚
1144 437 1262 474 lentus
1279 466 1289 480 ,
1313 434 1512 488 parcusque
1527 468 1535 480 ,
1553 441 1616 488 qui
1640 439 1744 475 certis

142 496 291 534 demum
314 495 541 542 temporibus
569 496 606 530 in
637 494 854 532 duodenum
876 496 1087 533 intestinum
1113 497 1242 548 majori
1268 509 1352 535 cum
1380 498 1601 537 abundantia
1630 498 1742 534 effun-

143 556 247 592 datur
297 552 455 590 Minime
484 554 634 597 recuso,
663 554 747 592 alias
778 555 1012 593 conditiones
1043 549 1216 604 superesse
1235 585 1244 599 ,
1278 569 1356 606 quae
1385 570 1452 595 nos
1485 558 1646 600 lateant,
1683 555 1746 593 his

143 622 284 655 tamen,
309 624 396 662 quas
421 613 601 661 proposui
624 639 635 660 ‚
665 615 712 651 ita
734 614 768 651 se
798 614 929 651 habere
950 615 1193 658 crediderim,
1217 622 1256 653 ut
1285 617 1371 654 alius
1398 644 1409 660 ,
1441 630 1560 667 neque
1592 617 1676 654 bilis
1704 615 1747 652 fi-

143 673 237 709 milis
257 671 392 709 humor
414 672 610 710 nasciturus
631 673 714 710 essct
735 702 744 716 ‚
772 672 795 710 fi
823 686 944 712 earum
962 675 1221 712 conditionum
1241 678 1386 713 unicam
1408 677 1602 714 sustuliffes.

230 731 368 768 iterum
393 732 512 768 semen
540 733 647 769 etiam
675 733 719 769 ad
751 740 870 770 certos
898 734 1072 771 humores
1102 736 1286 783 pertinet,
1327 736 1497 774 haetenus
1529 736 1708 774 diversum
1736 765 1745 780 ,

144 791 246 838 qued
285 793 431 827 materie
470 791 719 829 inflammabili
749 792 957 830 destitutum
978 821 988 836 ,
1021 793 1180 830 mucosae
1221 793 1329 831 tribui
1357 797 1506 843 propiu0
1539 795 1589 833 fit.
1654 797 1748 842 Ergo

144 850 265 887 semen
298 863 331 886 1.
373 850 567 887 secernitur
586 863 632 888 ex
657 864 763 900 parva
796 848 845 903 (i
865 852 906 900 )‚
933 852 1118 901 praelonga
1146 849 1224 900 (k)
1246 882 1255 897 ,
1289 855 1449 891 tortuosa
1472 850 1545 901 (l)
1565 883 1573 896 ,
1610 855 1749 892 inferne

145 911 270 958 potius
292 906 411 946 latiori
429 911 554 947 arteria
580 922 588 946 :
617 917 713 948 certe
735 912 771 948 in
797 911 984 949 nonnullis
1010 911 1233 949 animalibus.
1294 924 1328 950 2.
1359 912 1566 951 Secernitur
1593 914 1636 951 de
1670 914 1749 951 san-

144 965 258 1017 guine
285 980 348 1017 per
383 969 630 1006 arteriolarum
659 982 777 1008 ramos
801 970 894 1009 adeo
926 973 1089 1008 minutos
1127 973 1221 1019 (m)
1248 998 1260 1019 ‚
1300 980 1341 1010 ut
1375 973 1472 1009 nulla
1498 981 1597 1017 arte,
1629 973 1752 1023 liquor

144 1028 238 1065 ullus
256 1057 265 1070 ,
301 1028 469 1066 hactenus
490 1040 537 1065 ex
562 1031 699 1067 arteriae
725 1037 860 1067 trunco
886 1032 924 1067 in
951 1030 1077 1069 dusius
1105 1031 1248 1069 seminis
1275 1034 1501 1070 excretorios
1535 1034 1656 1081 urgeri
1684 1045 1752 1082 po-

145 1088 267 1123 tuerit.
316 1096 350 1131 3.
374 1086 591 1136 Deponitur
617 1090 653 1125 in
682 1090 776 1126 testis
791 1090 930 1128 vascula
957 1092 1232 1129 innumerabilia
1249 1121 1259 1135 ‚
1286 1092 1388 1140 supra
1407 1091 1516 1129 fidem
1534 1093 1648 1140 longa
1676 1121 1685 1135 ‚
1713 1094 1753 1130 iu

146 1145 372 1194 crispislimos
397 1149 587 1189 cincinnos
613 1147 717 1186 flexa.
750 1162 787 1196 4.
814 1148 907 1186 Inde
931 1148 1011 1187 fluit
1026 1150 1144 1187 semen
1166 1153 1203 1188 in
1227 1159 1301 1189 rete
1325 1151 1545 1189 vasculosum
1565 1181 1573 1195 ‚
1605 1152 1750 1195 laxius,

149 1205 250 1254 quod
273 1217 350 1242 non
373 1204 569 1245 difficulter
592 1206 739 1256 repleas.
777 1215 813 1256 5.
838 1207 934 1246 Hinc
961 1209 1084 1247 denuo
1114 1212 1151 1246 in
1174 1222 1291 1248 conos
1323 1211 1405 1248 illos
1430 1211 1633 1249 vasculosos
1661 1212 1751 1259 (n)

146 1265 266 1302 multo
290 1264 490 1302 subtiliores
512 1295 521 1309 ,
547 1267 679 1304 iterum
706 1268 744 1304 in
779 1267 1085 1317 frequentissimos
1113 1281 1224 1318 gyros
1249 1271 1406 1308 intortos
1430 1300 1438 1313 ‚
1460 1272 1620 1321 indeque
1650 1275 1687 1308 in
1713 1271 1755 1307 si-

149 1324 234 1360 miie
261 1323 510 1371 longislimum
530 1326 711 1363 vasculum
731 1355 740 1370 ‚
771 1327 873 1375 quod
893 1327 964 1364 sola
994 1327 1044 1364 sui
1066 1330 1282 1377 repetitione
1306 1328 1595 1380 epididymidem
1625 1330 1757 1368 consti-

149 1384 227 1419 tuit.
276 1389 310 1419 6.
342 1383 395 1420 Ex
423 1383 531 1422 duria
566 1397 611 1422 eo
640 1385 886 1434 angustiffimo
914 1387 1008 1424 redit
1040 1388 1076 1424 in
1098 1388 1268 1426 latiorem
1301 1389 1462 1426 canalem
1494 1390 1620 1428 ductus
1654 1389 1757 1428 defe-

147 1443 255 1480 rentis
270 1471 280 1485 ‚
307 1443 440 1481 iterum
469 1444 640 1483 arctatum
655 1472 664 1487 ,
685 1446 721 1482 &
754 1446 915 1483 secundo
933 1447 1167 1485 latescentem
1196 1450 1235 1486 in
1264 1448 1403 1487 cellulis
1420 1478 1428 1491 ‚
1445 1449 1569 1487 vesicae
1588 1448 1756 1488 urinariae

149 1501 322 1550 subjectis-
363 1513 399 1550 7.
422 1501 475 1540 Ex
496 1504 537 1541 iis
561 1516 624 1553 per
645 1506 840 1554 angustum
861 1506 1010 1544 dueum
1033 1508 1071 1544 in
1097 1509 1234 1560 amplas
1256 1509 1462 1546 cavernosus
1484 1515 1671 1547 contortas
1695 1521 1758 1546 ve-

150 1559 273 1598 ficulas
303 1561 501 1600 seminales,
546 1563 654 1602 Tunc
687 1568 720 1605 8.
749 1565 831 1614 post
852 1566 1003 1604 multam
1024 1578 1167 1605 moram
1184 1597 1193 1611 ‚
1223 1581 1410 1618 nunquam
1435 1568 1564 1618 sponte
1584 1570 1642 1607 sua
1663 1597 1672 1612 ,
1696 1567 1757 1605 sed

149 1619 348 1658 musculosa
377 1621 528 1660 demum
544 1623 707 1662 irritabili
722 1625 757 1662 vi
772 1624 970 1677 expellitur
985 1651 997 1670 ,
1012 1628 1161 1674 quando
1188 1628 1278 1680 saepe
1297 1630 1384 1666 totis
1414 1628 1594 1666 mensibus
1632 1630 1669 1665 in
1688 1627 1758 1665 suis

149 1678 311 1716 vesiculis
331 1680 528 1729 stagnavit,
543 1683 739 1735 transitque
753 1696 818 1734 per
834 1686 982 1733 angusta
996 1684 1124 1724 ostiola
1141 1687 1185 1725 ad
1209 1688 1393 1726 urethram
1408 1689 1585 1738 patula.9.
1617 1687 1658 1725 In
1672 1688 1757 1736 ipso

149 1739 250 1775 exitu
278 1739 449 1778 miscetur
476 1752 563 1778 cum
587 1742 672 1782 albo
698 1744 863 1793 prostatae
905 1745 1049 1795 liquore
1076 1771 1088 1790 ‚
1124 1755 1165 1784 ut
1207 1749 1313 1797 copia
1351 1756 1523 1795 augeatur
1544 1776 1554 1790 ,
1591 1747 1627 1784 &
1663 1747 1759 1783 forte

150 1800 257 1834 etiam
282 1797 427 1836 fluidius
455 1800 652 1846 reddatur,
687 1810 785 1842 certe
814 1804 851 1840 in
877 1804 1066 1841 nonnullis
1098 1806 1322 1843 animalibus.
1375 1805 1462 1844 Haec
1494 1806 1519 1842 fi
1545 1799 1729 1854 repetieris
1747 1834 1756 1848 ‚

155 1855 320 1892 invenies
339 1868 481 1893 moram
503 1859 542 1894 in
567 1862 694 1898 arteria
712 1889 722 1903 ,
748 1862 784 1897 in
804 1861 913 1898 duuu
939 1863 1149 1901 excretotio
1165 1891 1175 1906 ‚
1202 1866 1240 1900 in
1270 1863 1443 1901 folliculis
1462 1893 1471 1907 ‚
1494 1865 1760 1902 resorbtionem

153 1915 243 1963 (ο)
276 1914 322 1951 de
343 1915 482 1953 cellulis
512 1944 521 1959 ,
549 1916 594 1955 de
631 1919 705 1967 ipsa
731 1916 979 1969 epididy'mide
1007 1918 1089 1974 (p)
1113 1934 1122 1968 3
1165 1921 1389 1971 peculiarem
1412 1924 1532 1961 fotum
1575 1923 1680 1974 super
1706 1925 1762 1960 in-

152 1974 276 2016 testina
292 2000 305 2017 ‚
333 1975 561 2024 putrescente
584 1979 735 2023 materie
760 1978 868 2029 plena
887 1989 900 2029 3
931 1981 1204 2031 receptaculum
1221 1982 1379 2033 perfec‘te
1403 1983 1563 2023 clausum
1582 2012 1591 2027 ‚
1623 1982 1687 2020 nifi
1703 1983 1763 2021 sti-

1635 2042 1762 2083 mulus

237 2139 251 2172 s
266 2140 299 2173 ἱ)
323 2149 353 2175 p.
375 2147 444 2172 420·

241 2181 306 2215 (k)
324 2178 399 2210 ibid.

240 2223 254 2254 (
279 2221 407 2255 mihin.

236 2262 317 2297 (m)
343 2260 382 2292 L.
402 2259 446 2293 Π.
477 2272 506 2301 p.
530 2275 577 2300 99.

239 2304 284 2337 (n
301 2304 314 2337 )
338 2302 410 2333 Haec
430 2313 500 2334 cum
522 2307 602 2346 seqq.
616 2306 689 2338 vide
709 2318 737 2347 p.
765 2318 833 2347 444.
849 2313 918 2348 446.

240 2346 308 2379 (o)
334 2355 363 2383 p.
390 2355 461 2383 450.

252 2386 316 2423 (p)
345 2397 375 2425 p·
398 2396 468 2425 45¹·
