1968 2706
215 155 266 188 32
650 138 872 183 LIBV.
948 141 1342 184 -SANGUIS.

216 235 356 274 Verum
396 247 517 286 neque
555 236 608 274 isti
642 237 786 275 ardores
818 238 948 276 summi
984 240 1072 278 sunt.
1138 240 1179 278 In
1222 241 1348 278 umbra
1385 241 1483 279 enim
1518 249 1635 283 tantus
1674 244 1808 284 Patavii

211 295 313 332 calor
327 296 406 338 fuit,
430 295 576 345 qualem
597 295 771 341 diximus,
786 298 823 333 in
854 297 929 335 sole
956 299 1073 336 multo
1103 301 1233 337 aerior.
1266 299 1359 337 Solis
1387 301 1486 338 enim
1508 303 1607 341 aestus
1632 305 1804 347 calorem,

215 353 287 404 qui
313 356 351 392 in
373 355 499 392 umbra
540 354 600 397 est,
617 354 720 392 valde
749 355 904 405 superat,
918 368 994 394 non
1019 367 1033 395 1
1047 371 1066 393 2
1085 357 1169 395 solis
1191 359 1359 406 gradibus
1379 355 1430 412 (d
1443 357 1498 408 †),
1523 366 1584 398 aut
1606 374 1658 399 20
1675 359 1725 415 (d
1735 361 1804 410 **),

208 412 269 450 sed
302 422 356 458 30
375 409 419 463 (d
429 415 526 461 ἢῆ,
552 413 590 451 δι
621 421 673 459 36
701 410 747 456 (d
756 416 885 460 ἢῆ),
909 415 946 452 &
971 415 1120 454 demum
1149 419 1187 455 in
1219 416 1342 454 calidis
1369 414 1582 466 regionibus
1610 424 1808 459 enormiter:

207 473 326 520 major
349 473 398 509 est
423 466 666 524 (d*****).
722 472 798 517 Ita,
831 474 869 510 in
905 473 980 523 ipsa
1008 477 1142 513 iterum
1161 474 1320 527 Europa,
1337 474 1536 526 Monspelii
1575 491 1643 517 ova
1671 481 1709 516 in
1731 480 1807 517 sole

208 532 308 569 cofita
338 531 512 575 fuerunt,
557 531 594 568 &
628 538 776 580 ruptum
813 532 1141 578 thermometrum,
1176 534 1348 584 idemque
1377 535 1477 574 calor
1511 536 1631 582 saeviit,
1664 540 1728 587 qui
1758 539 1810 575 se-

211 591 299 628 bum
326 588 485 626 dissolvit
511 585 613 640 (e),
643 592 679 627 &
709 591 861 629 demum
893 592 1052 630 calorem
1086 605 1187 643 aquae
1215 593 1425 631 ebullientis
1450 595 1628 644 superavit
1653 590 1748 648 (f).

289 646 437 686 Deinde
483 648 560 685 aliis
613 650 650 685 in
713 650 924 697 regionibus
977 652 1092 699 major
1142 652 1262 689 adhuc
1291 680 1301 694 ‚
1359 663 1467 701 quam
1531 655 1568 690 in
1630 654 1774 706 Europa
1791 657 1808 701 ,”

206 706 283 744 caeli
329 707 430 743 aestus
464 708 569 744 certis
600 709 860 758 experimentis
889 710 1061 747 innotuit.
1119 709 1160 748 In
1194 708 1365 747 Carolina
1401 711 1438 747 in
1465 712 1592 749 umbra
1621 714 1720 752 calor
1757 716 1807 752 est

203 764 249 802 ad
288 772 338 810 98
368 765 479 814 usque
507 762 546 804 ὅτ
568 779 620 811 99
647 762 741 820 (g),
765 767 802 804 &
821 766 1055 806 Pondicherii
1084 769 1182 807 calor
1211 768 1278 806 fuit
1309 769 1383 817 32}
1408 770 1505 817 grad.
1534 769 1578 808 R.
1609 774 1671 821 qui
1700 774 1808 811 incu-

204 824 321 862 bantis
339 824 484 872 gallinae
507 824 626 862 calore
650 827 764 873 major
778 827 828 863 est
849 821 935 877 (h),
953 833 1032 865 tum
1052 828 1230 876 Apameae
1256 827 1300 865 ad
1332 839 1378 874 35
1407 828 1717 869 Rmumumzmoe
1737 829 1804 883 (i),

206 884 268 932 qui
293 883 393 920 aestus
418 882 781 931 FAHRENHEiTmms
811 885 896 925 106
922 888 1038 934 major
1065 887 1123 924 est.
1173 886 1216 924 In
1245 884 1363 937 capite
1394 887 1498 925 bonae
1526 887 1603 937 spei
1623 891 1721 928 calor
1760 890 1807 929 ad

204 942 351 980 eosdem
385 952 438 987 35‘
468 941 652 981 adscendit
668 940 734 994 (k).
778 944 883 993 Alepi
909 953 1067 993 quatuor
1095 943 1278 982 menfibus
1318 944 1443 983 aestivis
1477 946 1576 984 calor
1611 960 1629 985 a
1666 960 1719 994 92
1761 949 1808 987 ad

205 1010 284 1040 101
318 1001 429 1050 usque
456 999 606 1038 FAHR.
642 1002 775 1049 gradus
803 998 878 1053 (l)
931 1002 1006 1040 fere
1041 1005 1212 1052 pervenit.
1257 1003 1301 1041 In
1334 1004 1474 1053 Senega
1498 1004 1595 1043 flum.
1629 1008 1731 1045 aestus
1760 1007 1806 1046 ad

202 1072 258 1108 gr.
281 1059 814 1097 FAHRENHEITrANos
850 1072 926 1104 105
957 1058 1052 1109 (m)
1082 1062 1118 1098 &
1150 1063 1194 1099 ad
1224 1061 1300 1108 38}
1328 1062 1446 1115 (n),
1485 1076 1553 1111 40,
1587 1065 1623 1102 δε
1653 1079 1702 1115 45
1732 1063 1802 1120 (o)

202 1117 514 1156 REAumusslAnos
543 1118 674 1165 gradus
705 1118 817 1156 saeviit
872 1119 911 1156 In
941 1118 1110 1157 Carolina
1145 1121 1222 1158 caeli
1263 1121 1372 1160 ardor
1406 1122 1603 1171 aliquando
1638 1126 1681 1162 ad
1722 1132 1804 1165 126

201 1176 386 1215 adscendit
406 1175 485 1230 (p),
510 1176 667 1226 totisque
694 1183 744 1220 28
768 1178 939 1227 gradibus
963 1179 1122 1217 calorem
1143 1179 1326 1228 sanguinis
1353 1181 1504 1220 humani
1526 1181 1701 1232 superavit
1732 1182 1802 1238 (q).

1407 1269 1413 1289 ,
1730 1241 1804 1283 Hic

281 1335 384 1372 (d†)
408 1334 436 1365 H
451 1345 468 1365 Α
483 1345 500 1364 ι.
513 1345 529 1365 s
544 1346 556 1365 s
582 1343 665 1375 veget.
678 1336 748 1376 stat.
769 1347 793 1367 e.
816 1347 843 1368 ι.

282 1375 405 1412 (d**)
424 1376 596 1415 Petropoli,
624 1389 735 1417 nempe
764 1388 837 1412 102,
858 1388 928 1409 cum
946 1377 977 1408 in
1001 1377 1108 1410 umbra
1131 1377 1202 1411 effet
1224 1385 1272 1418 83.
1294 1379 1388 1411 KRA
1403 1390 1420 1409 r
1435 1387 1459 1411 ‘r
1483 1377 1536 1419 olgsss
1559 1381 1675 1410 metem

278 1415 431 1454 (d***)
450 1416 518 1447 ΜΛ
534 1427 588 1448 ΤΥ
623 1428 710 1457 1750.
732 1417 807 1456 Aug.
833 1430 861 1457 p.
887 1426 957 1453 448·

281 1456 468 1494 (d****)
495 1458 542 1489 De
567 1459 624 1488 HA
640 1469 685 1489 EN
710 1469 739 1497 p.
759 1463 824 1488 160.
860 1467 910 1489 61.

279 1497 459 1534 (d*****)
481 1499 585 1538 Duplo
601 1499 738 1529 calidior.
755 1498 835 1530 Cum
848 1499 931 1530 enim
948 1498 978 1529 iu
989 1501 1097 1530 umbra
1112 1500 1149 1530 ad
1165 1509 1197 1537 31
1213 1500 1314 1539 liquor
1327 1501 1535 1536 adscenderet,
1547 1499 1577 1532 in
1596 1502 1658 1531 sole
1678 1501 1801 1531 adscen-

197 1536 243 1568 dit
271 1538 310 1567 ad
333 1546 381 1571 &0-
414 1538 458 1569 Le
492 1539 560 1569 Bou
574 1542 665 1570 illem.
686 1543 720 1569 de
739 1541 767 1571 la
791 1539 850 1578 sbc.
877 1542 910 1569 de
933 1542 1072 1578 Illontpel.
1093 1544 1182 1579 1746.
1208 1542 1315 1580 Duplo
1334 1542 1427 1572 etiam
1446 1544 1574 1574 calidior
1607 1543 1638 1572 in
1659 1540 1799 1581 francisci

197 1579 236 1608 de
261 1578 402 1609 SAuvn
416 1591 462 1609 GE
478 1591 489 1610 s
514 1581 739 1611 observatione.
765 1580 847 1611 Nam
872 1581 909 1610 ad
932 1585 970 1610 60
997 1582 1103 1618 gradus
1124 1581 1228 1620 liquor
1250 1583 1338 1614 venit
1353 1602 1361 1616 ‚
1380 1594 1451 1615 cum
1476 1584 1508 1614 in
1539 1587 1648 1615 umbra
1670 1593 1733 1614 non
1754 1584 1799 1613 su-

195 1627 317 1658 peraret
341 1629 393 1654 30.
414 1621 486 1660 ffts
511 1623 544 1650 de
561 1623 628 1650 l'air
649 1632 678 1660 p.
698 1631 744 1659 31.
769 1621 881 1660 Triplo
904 1629 1051 1652 autumno
1073 1623 1191 1662 superat
1211 1624 1238 1654 le
1259 1623 1343 1654 Bon
1372 1625 1391 1654 1„
1413 1635 1438 1655 c.

277 1660 338 1696 (e)
361 1660 397 1689 In
418 1662 479 1691 sole
497 1661 623 1699 quidem
636 1662 708 1700 Hfi.
733 1663 766 1691 zze
787 1664 904 1694 l’Acad.
920 1665 986 1698 Roy.
1002 1661 1147 1700 desfiienc
1180 1674 1268 1701 1705.
1282 1675 1308 1703 p.
1323 1674 1368 1703 39.
1653 1681 1655 1683 ·

277 1699 341 1738 (f)
382 1699 425 1731 Ita
456 1703 484 1733 le
519 1701 541 1731 B
553 1713 570 1732 0
585 1714 605 1732 n
648 1703 665 1732 l.
703 1713 728 1732 c.
756 1713 819 1732 uon
852 1709 1002 1732 accurate.
1058 1703 1136 1734 Nam
1170 1705 1208 1735 ad
1245 1711 1283 1740 80
1324 1704 1433 1742 gradus
1482 1705 1507 1736 R
1519 1715 1535 1735 n
1547 1715 1566 1736 A
1579 1716 1597 1736 υ
1610 1714 1754 1736 ΜυιιιΛ
1766 1717 1797 1738 N.

193 1740 296 1780 ,liquor
317 1740 516 1773 adscendebat
538 1761 547 1775 2
580 1743 631 1773 sed
658 1753 747 1773 verus
771 1743 958 1774 ebullitionis
985 1744 1091 1780 gradus
1119 1745 1161 1776 est
1180 1751 1228 1782 87.
1249 1745 1308 1778 Sed
1329 1757 1366 1777 eo
1397 1746 1566 1785 pervenisse
1605 1745 1733 1785 legimus
1764 1747 1797 1777 iu

196 1785 334 1815 Iliemoir.
348 1783 381 1812 de
402 1783 515 1815 I’Acad.
537 1785 582 1814 des
596 1783 698 1823 scienc.
725 1788 811 1816 1706.
828 1796 859 1823 p.
875 1795 923 1822 13.

276 1823 337 1862 (g)
361 1822 385 1853 L
402 1835 411 1853 ι
427 1837 446 1854 N
458 1837 469 1855 1
481 1836 537 1854 NG.
570 1826 643 1855 Phil.
671 1823 774 1863 Trans.
787 1835 816 1855 n.
830 1831 899 1860 487·

276 1864 320 1901 (h
335 1867 348 1901 )
370 1867 464 1896 Νίκη.
485 1867 519 1895 de
537 1865 649 1897 l'Acad.
671 1867 716 1896 des
725 1867 829 1906 Jbzenc.
848 1876 935 1905 1737.
947 1867 977 1906 ΡΖ
988 1873 1024 1904 48
1029 1880 1056 1904 9,
1071 1866 1116 1900 M.
1130 1869 1221 1900 Febr.

272 1905 334 1943 (i)
356 1905 431 1936 Ibid.
455 1910 540 1944 1736.

275 1947 345 1982 [sc]
372 1955 594 1992 1751.p.447.
788 1988 794 1993 .

275 1989 337 2024 (l)
359 1987 452 2057 Jffimo
473 1987 533 2018 fuit
557 1992 606 2022 96.
628 1988 711 2028 grad.
735 1988 817 2026 Juho
845 1998 912 2019 lox.
935 1989 1065 2028 Augusto
1090 2003 1138 2026 97.
1156 1991 1265 2023 Russ
1282 2002 1327 2021 ιη
1356 1992 1388 2022 in
1415 1997 1475 2022 nat.
1498 1991 1555 2031 ''i'st-
1577 1990 1611 2030 of
1622 1991 1736 2031 Aleppo.

274 2028 328 2061 (m
420 2039 438 2058 A
450 2037 474 2058 ‘r
488 2038 509 2058 Υ
533 2029 550 2058 l.
567 2039 591 2058 c.

274 2028 452 2139 ,(ΤηέΙλΙίενκ.
476 2071 510 2098 de
529 2069 645 2100 l’Acad.
671 2076 757 2109 1738.
780 2073 903 2110 p.'402.
928 2071 1066 2103 Gradum
1093 2080 1138 2111 38.
1166 2076 1255 2114 ponit
1277 2071 1323 2104 C1.
1351 2073 1388 2103 de
1422 2073 1532 2104 Bon
1549 2082 1598 2103 ou
1620 2073 1680 2104 hisi.
1705 2074 1796 2113 dest·

193 2113 254 2138 unt.
308 2131 315 2137 .
392 2132 397 2137 .
426 2120 445 2139 J.
476 2121 541 2147 517.
563 2116 630 2147 518.

277 2149 340 2186 (o)
362 2120 455 2181 ADLA
469 2162 487 2179 N
501 2160 571 2180 sou
604 2151 685 2181 relat.
704 2163 734 2191 p.
752 2157 800 2186 81-
825 2150 892 2190 Ipso
917 2151 948 2182 in
977 2153 1075 2185 fluvio
1103 2156 1272 2186 nocturnus
1290 2153 1375 2183 calor
1402 2160 1466 2184 erat
1489 2164 1524 2188 3:
1546 2153 1695 2194 graduum
1708 2173 1716 2187 ‚
1740 2155 1793 2194 qui

194 2195 258 2228 sere
280 2198 429 2235 sanguinis
447 2199 501 2230 est.
530 2201 564 2232 In
587 2197 689 2231 sabulo
712 2204 795 2233 calor
819 2210 882 2233 erat
918 2194 994 2243 60}
1035 2214 1101 2242 quo
1123 2216 1184 2236 ova
1205 2204 1448 2237 indurescerent,
1478 2207 1505 2234 ἃ
1522 2204 1574 2243 pix
1600 2204 1794 2243 colliquescit

194 2256 223 2283 p.
247 2250 295 2276 26.
319 2256 366 2280 27-
390 2252 440 2277 81·
467 2258 534 2285 130.
559 2254 629 2282 13¹·
670 2249 737 2282 Ova
760 2250 841 2283 enim
862 2251 893 2284 in
915 2252 1019 2283 calore
1042 2264 1096 2293 153
1129 2253 1233 2287 Pium.
1270 2261 1443 2292 coquuntur
1472 2253 1628 2287 Tmarus
1664 2255 1798 2287 Can-lmus!

192 2297 222 2324 ρ’
255 2298 343 2365 ςῖὶι)
365 2329 437 2358 Phil.
458 2327 561 2367 Trans.
574 2339 603 2362 n.
619 2339 689 2369 496-

275 2370 339 2408 (q)
359 2368 435 2400 ibid.
456 2379 488 2401 n.
508 2375 579 2409 487.
