1968 2706
561 115 800 158 MOTUS
869 116 1269 158 LATERALIS.
1623 133 1703 169 257

104 228 141 264 in
163 225 262 262 febre
284 221 389 274 (a),
413 222 524 272 inque
550 221 648 270 peste
678 216 761 269 (b)
797 218 964 266 exempla
990 220 1129 258 exstant
1154 248 1162 263 ‚
1200 222 1237 257 in
1264 218 1309 258 iis
1334 220 1546 270 hominibus
1571 246 1582 269 ,
1615 234 1707 272 quos

103 291 230 322 natura
255 279 368 322 morti
397 282 644 321 destinaverat.
691 281 744 319 Ita
772 288 868 317 certe
893 279 1117 327 periculosus
1141 280 1169 315 is
1203 280 1322 329 pulsus
1348 281 1398 319 est
1431 309 1441 323 ,
1490 289 1528 319 ut
1556 282 1664 319 etiam
1696 311 1706 326 ‚

104 343 252 394 quando
285 344 412 380 unicus
435 342 529 379 inter
553 340 792 390 quadraginta
825 338 946 387 pulsus
977 335 1130 382 deficit,
1161 339 1352 379 hominem
1386 353 1462 378 non
1483 340 1575 378 ultra
1603 352 1707 379 men-

102 403 154 441 ses
175 402 334 441 totidem
361 397 508 439 vitalem
545 398 721 448 superesse
749 428 759 442 ,
796 398 994 436 Chinenses
1022 397 1105 450 (c)
1152 397 1247 436 inter
1283 399 1384 438 firma
1417 400 1582 448 praesagia
1612 412 1706 438 rece-

101 464 258 512 perint3
290 461 496 510 proximam
526 470 613 496 vero
643 465 801 496 mortem
823 458 950 496 instare
972 465 1148 496 moneant
1171 487 1180 501 ‚
1217 460 1367 508 quando
1395 471 1439 497 ex
1463 461 1598 508 septem
1628 461 1707 508 pul-

102 520 196 560 sibus
219 530 312 558 unus
335 518 561 561 desideratur.
612 517 786 568 Denique
819 529 917 555 mors
942 519 980 555 in
1019 516 1235 556 animalibus
1264 518 1483 570 plerumque
1513 520 1594 569 post
1621 518 1707 568 pul-

101 580 182 619 sum
211 579 514 621 intermittentem
539 578 733 628 longisque
763 576 960 615 intervallis
1002 577 1218 616 redeuntem
1250 573 1344 629 (d)
1372 579 1445 616 fere
1472 579 1703 628 supervenit,

101 646 144 677 ut
169 638 344 691 paulatim
370 639 478 677 anelis
500 635 694 675 intervallis
713 667 722 681 ,
741 637 901 686 denique
922 639 1069 687 integro
1087 639 1124 674 in
1142 638 1262 686 primo
1293 639 1437 676 minuto
1460 640 1591 677 unicus
1621 639 1706 689 pul-

100 698 157 737 sus
182 700 415 748 percipiatur.
448 696 503 735 Eo
532 698 570 734 in
597 709 718 735 rerum
744 698 835 735 statu
861 698 1024 736 animalis
1053 703 1149 735 tanta
1174 696 1221 734 est
1247 696 1412 735 debilitas
1431 727 1439 741 ‚
1465 705 1503 736 ut
1528 708 1593 736 cor
1611 711 1706 737 non-

100 756 165 796 nifi
194 757 239 795 ad
268 752 446 809 majorem
470 756 655 794 stimulum
682 755 971 795 contradionem
989 756 1159 807 perficere
1178 755 1291 794 valeat
1311 787 1323 801 ‚
1349 769 1434 795 cum
1449 766 1617 807 praeterea
1631 759 1705 797 san-

99 819 180 867 guis
210 816 254 854 ad
279 817 477 855 auriculam
499 815 663 854 dextram
689 816 807 855 redire
840 816 968 859 ceffet,
995 829 1114 867 neque
1148 816 1242 855 adeo
1272 816 1393 855 cordis
1429 819 1520 855 vires
1548 829 1592 855 eo
1618 830 1705 866 gra-

100 878 151 915 du
175 876 440 920 sollicitentur,
468 877 531 925 qui
554 875 600 913 ad
631 877 919 914 contrac‘lionem
938 876 1167 915 efficiendam
1201 879 1403 925 requiritur.
1443 877 1566 923 Quare
1581 878 1705 922 tarde,

99 936 138 973 δε
165 936 248 986 post
270 935 426 974 multum
453 941 622 984 tempus,
644 942 784 974 tantum
817 936 966 974 demum
1010 937 1190 985 sanguinis
1232 936 1276 974 ad
1311 936 1430 974 cordis
1460 938 1583 975 dextra
1616 939 1704 976 atria

99 996 228 1038 venit,
251 1002 428 1044 quantum
455 1006 521 1043 pro
550 993 716 1043 legitimo
748 995 892 1033 stimulo
923 994 1063 1034 sufficit.

183 1054 241 1092 Ad
265 1052 490 1092 debilitatem
516 1055 701 1103 pertinet,
729 1053 754 1090 fi
789 1055 878 1103 quid
905 1055 981 1092 serii
1010 1056 1116 1093 estin
1149 1049 1353 1110 Francistsz‘
1380 1054 1403 1093 S
1419 1067 1441 1092 0
1459 1067 1583 1095 LANI
1610 1068 1702 1106 prae-

99 1112 258 1152 diffitione
271 1139 284 1158 ‚
302 1115 366 1163 qui
396 1125 413 1150 a
434 1113 538 1162 pulsu
561 1114 824 1152 intermittente
850 1114 1041 1151 instantem
1066 1115 1274 1152 diarrhaeam
1295 1114 1475 1164 praesagiri
1493 1117 1622 1155 docuit
1635 1115 1699 1168 (e),

183 1172 356 1221 Denique
378 1201 388 1215 ‚
422 1174 530 1210 etiam
554 1179 637 1210 ante
666 1183 824 1210 mortem
852 1172 974 1222 pulsus
999 1175 1155 1211 omnino
1188 1172 1310 1212 nullus
1339 1177 1540 1225 percipitur
1557 1205 1567 1219 ‚
1587 1188 1701 1226 quan-

98 1231 148 1268 do
178 1234 269 1270 vires
298 1231 420 1268 cordis
450 1231 615 1279 sanguini
653 1232 696 1269 ad
733 1234 949 1270 remotiores
979 1240 1088 1271 aortae
1112 1244 1230 1270 ramos
1258 1233 1508 1283 propellendo
1541 1247 1618 1273 non
1646 1236 1701 1273 su-

96 1289 239 1328 fficiunt
259 1319 268 1333 ‚
287 1289 472 1338 solamque
496 1297 635 1338 partem
665 1302 804 1338 magnae
839 1293 974 1328 arteriae
998 1292 1166 1342 replent,
1195 1305 1273 1342 quae
1295 1292 1397 1330 cordi
1421 1295 1590 1342 proxima
1610 1306 1701 1332 con-

97 1351 256 1388 tinuatur
285 1343 375 1400 (f).
410 1348 503 1386 Inde
529 1348 592 1387 ille
617 1349 821 1387 notiffimus
852 1350 968 1398 pallor
995 1381 1004 1395 ,
1037 1354 1098 1401 qui
1138 1352 1248 1400 paulo
1274 1362 1357 1392 ante
1391 1360 1550 1397 mortem
1578 1353 1700 1403 super—

96 1410 220 1454 venit,
244 1409 499 1459 funestumque
520 1407 642 1456 frigus*
681 1408 736 1445 Ita
761 1410 799 1446 in
820 1410 1036 1448 animalibus
1059 1411 1192 1448 fatiam
1221 1411 1320 1454 vidi,
1344 1412 1394 1449 ita
1420 1411 1459 1450 fit
1489 1413 1524 1449 in
1562 1412 1699 1462 paraly-

96 1469 177 1506 ticis
205 1469 289 1522 (g)
307 1494 320 1513 ‚
350 1467 607 1516 hemiplegicis
636 1463 724 1515 (ἢ)
759 1468 1012 1520 debilibusque
1032 1468 1112 1522 (i)
1143 1470 1356 1508 mortalibus
1372 1498 1381 1512 ,
1420 1483 1511 1521 aque
1538 1483 1583 1508 eo
1609 1472 1698 1509 statu

96 1538 195 1564 mors
222 1529 391 1576 proxime
415 1527 530 1565 distat.
578 1527 708 1576 Aliqua
734 1527 898 1564 debilitas
921 1530 1064 1580 pulsum
1092 1531 1247 1568 celerem
1282 1531 1318 1566 δι
1347 1527 1505 1568 debilem
1537 1531 1656 1569 reddit
1685 1557 1698 1575 ‚

96 1587 255 1625 maxima
277 1587 433 1624 omnino
475 1583 661 1636 suspendit
688 1586 723 1622 ἃ.
753 1587 949 1635 intercipit.
991 1587 1080 1626 Haec
1115 1589 1215 1626 causa
1260 1589 1311 1627 est
1345 1592 1474 1628 mortis
1507 1589 1594 1628 falso
1621 1603 1698 1628 cre-

95 1644 202 1689 ditae,
229 1658 276 1684 ex
295 1657 365 1695 qua
398 1645 568 1684 homines
598 1645 749 1683 subinde
781 1646 987 1685 excitantur
1006 1678 1016 1693 ‚
1045 1660 1125 1698 quae
1160 1650 1236 1686 laus
1261 1650 1354 1686 Asc
1371 1661 1392 1685 L
1409 1662 1460 1688 ΕΡ
1477 1662 1488 1687 1
1504 1661 1596 1688 Ani
1619 1677 1630 1693 ‚
1659 1652 1696 1688 &

95 1715 212 1754 nuper
239 1705 297 1745 Cl.
329 1703 355 1742 B
370 1715 393 1741 0
409 1716 432 1741 Y
449 1717 468 1743 E
483 1717 505 1743 R
536 1699 625 1756 (k)
651 1705 687 1742 &
716 1704 951 1744 eruditissimo
990 1708 1172 1758 gallorum
1207 1702 1377 1748 Camillo
1411 1708 1468 1747 ΕΑ
1483 1721 1504 1746 1.
1526 1721 1545 1747 e
1559 1722 1581 1747 0
1597 1721 1622 1746 N
1637 1719 1695 1747 ιτ

1538 1764 1606 1818 (l)
1632 1782 1697 1808 ac-

176 1876 247 1914 (a)
270 1875 423 1909 Fama<
448 1879 482 1908 de
506 1878 636 1910 alleluiah
659 1889 688 1917 p.
712 1889 778 1917 251.
807 1879 855 1911 Ad
884 1886 1020 1920 quartam
1035 1882 1119 1914 horae
1141 1888 1260 1922 partem
1276 1882 1360 1914 addit
1376 1883 1574 1915 intervallum
1597 1883 1693 1918 fuisse.

93 1917 142 1948 De
165 1916 248 1949 febre
268 1918 406 1957 maligna
433 1920 584 1959 Aleppica
613 1920 674 1950 Ro
688 1929 701 1950 s
715 1931 726 1950 s
743 1932 760 1950 E
774 1932 793 1951 ι
826 1933 856 1960 p.
888 1932 956 1959 209.

176 1960 245 1996 (h)
270 1959 387 1991 STRU
401 1969 424 1990 '1'
440 1972 511 1991 mu
528 1972 539 1990 s
563 1972 592 2001 p.
616 1972 682 1998 30²-
707 1971 774 1997 303-
814 1962 850 1994 M
865 1974 883 1994 A
897 1973 964 1994 ssA
990 1965 1023 1995 de
1037 1963 1138 2002 fibrib.
1162 1965 1292 2003 pestilent.

175 2002 238 2039 (e)
258 2000 345 2040 Apud
366 2001 407 2032 du
429 2002 585 2034 Hune
611 2002 641 2033 in
674 2002 780 2035 Chinae
810 2005 1025 2044 descriptione.
1057 2004 1159 2036 Pulsus
1189 2018 1259 2038 cum
1295 2005 1453 2039 debilitate
1483 2011 1511 2040 a&
1542 2008 1693 2043 inanitate

92 2043 298 2074 intermittens
321 2043 458 2082 periculo
488 2044 594 2083 plenus
615 2066 623 2078 ‚
649 2047 675 2075 8<
706 2046 866 2077 Recherclves
884 2046 940 2088 sur
964 2053 987 2077 te
1012 2048 1087 2086 pouls
1113 2059 1142 2086 p,
1172 2058 1241 2087 354,

176 2086 244 2121 (d)
275 2083 322 2114 De
338 2085 424 2122 pullo
446 2084 592 2117 incubare
622 2087 712 2117 Mem.
729 2084 784 2125 fier
800 2088 921 2127 lajbrm.
939 2090 979 2121 du
994 2090 1087 2128 poulet
1109 2089 1150 2123 T.
1174 2089 1218 2123 II.
1246 2102 1276 2132 p.
1298 2102 1362 2123 110.
1382 2098 1451 2126 111.
1478 2091 1527 2125 De
1539 2092 1602 2125 aliis
1619 2093 1685 2126 ani-

92 2126 219 2157 malibus
245 2124 280 2156 L.
306 2125 362 2157 IV.
383 2136 411 2164 p.
442 2137 513 2162 4²4·

177 2169 240 2203 (e)
260 2165 307 2197 Ex
329 2166 393 2197 edit
417 2166 470 2196 Nx
485 2180 504 2198 u
522 2178 557 2198 η
590 2168 673 2199 conf.
699 2169 803 2209 p.'56.

168 2207 232 2247 (f)
257 2207 350 2238 Conf.
378 2218 406 2246 p.
438 2220 505 2242 240.
529 2220 599 2246 24¹·

173 2251 245 2289 (g)
266 2247 291 2277 R
305 2258 400 2279 non.
421 2248 475 2288 obs:
499 2259 546 2287 43.
573 2250 662 2282 Cent.
680 2250 721 2282 Π.

172 2290 232 2327 (h)
252 2290 320 2327 Eph.
348 2293 416 2321 Nat-
443 2294 508 2321 Cur.
538 2294 598 2323 Vol.
629 2292 697 2323 VII.
724 2292 778 2333 obst
805 2301 851 2330 ιε.

173 2333 233 2367 (i)
260 2329 493 2368 MARQUE‘I'
521 2343 551 2370 p.
579 2345 625 2369 34.
651 2344 704 2374 per
730 2345 768 2371 24
790 2337 888 2368 homa.

171 2373 243 2410 (k)
268 2371 477 2405 BRUHxER
500 2373 541 2404 T.
565 2373 606 2405 ΙΙ.
628 2386 657 2413 p.
682 2381 729 2413 87.

175 2411 325 2458 Haller
367 2413 579 2474 Phyfiolog.
628 2420 734 2459 Tom.
768 2422 822 2461 II.
1282 2423 1316 2463 K
1347 2425 1371 2462 l<
