<?xml version="1.0" encoding="UTF-8"?>
<!DOCTYPE html PUBLIC "-//W3C//DTD XHTML 1.0 Transitional//EN"
    "http://www.w3.org/TR/xhtml1/DTD/xhtml1-transitional.dtd">
<html xmlns="http://www.w3.org/1999/xhtml" xml:lang="en" lang="en">
 <head>
  <title>
</title>
<meta http-equiv="Content-Type" content="text/html;charset=utf-8" />
  <meta name='ocr-system' content='tesseract 3.04.00' />
  <meta name='ocr-capabilities' content='ocr_page ocr_carea ocr_par ocr_line ocrx_word'/>
</head>
<body>
  <div class='ocr_page' id='page_1' title='image "./elementaphysiolo02hall_0255.png"; bbox 0 0 1968 2706; ppageno 0'>
   <div class='ocr_carea' id='block_1_1' title="bbox 512 151 1699 199">
    <p class='ocr_par' dir='ltr' id='par_1_1' title="bbox 512 151 1699 199">
     <span class='ocr_line' id='line_1_1' title="bbox 512 151 1699 199; baseline 0.007 -9"><span class='ocrx_word' id='word_1_1' title='bbox 512 151 752 193; x_wconf 84' lang='lat' dir='ltr'>MOTUS</span> <span class='ocrx_word' id='word_1_2' title='bbox 813 152 1217 198; x_wconf 55' lang='lat' dir='ltr'><strong>LATERffis.</strong></span> <span class='ocrx_word' id='word_1_3' title='bbox 1616 163 1699 199; x_wconf 86' lang='lat'>239</span> 
     </span>
    </p>
   </div>
   <div class='ocr_carea' id='block_1_2' title="bbox 82 239 1694 1829">
    <p class='ocr_par' dir='ltr' id='par_1_2' title="bbox 82 239 1694 1186">
     <span class='ocr_line' id='line_1_2' title="bbox 185 239 1694 298; baseline 0 -12"><span class='ocrx_word' id='word_1_4' title='bbox 185 239 394 286; x_wconf 67' lang='lat' dir='ltr'>Menfiiram</span> <span class='ocrx_word' id='word_1_5' title='bbox 415 247 586 298; x_wconf 86' lang='lat' dir='ltr'><strong>equidem</strong></span> <span class='ocrx_word' id='word_1_6' title='bbox 605 247 711 296; x_wconf 87' lang='lat' dir='ltr'>hujus</span> <span class='ocrx_word' id='word_1_7' title='bbox 737 247 957 286; x_wconf 77' lang='lat' dir='ltr'>dilatatIOnis</span> <span class='ocrx_word' id='word_1_8' title='bbox 978 260 1073 297; x_wconf 84' lang='lat' dir='ltr'>aegre</span> <span class='ocrx_word' id='word_1_9' title='bbox 1091 249 1199 286; x_wconf 88' lang='lat' dir='ltr'>video</span> <span class='ocrx_word' id='word_1_10' title='bbox 1217 247 1307 287; x_wconf 85' lang='lat' dir='ltr'>sumi</span> <span class='ocrx_word' id='word_1_11' title='bbox 1325 246 1426 298; x_wconf 75' lang='lat' dir='ltr'>posse</span> <span class='ocrx_word' id='word_1_12' title='bbox 1443 275 1454 292; x_wconf 89' lang='lat'>‚</span> <span class='ocrx_word' id='word_1_13' title='bbox 1481 260 1566 286; x_wconf 90' lang='lat' dir='ltr'>cum</span> <span class='ocrx_word' id='word_1_14' title='bbox 1581 249 1694 286; x_wconf 90' lang='lat' dir='ltr'>unico</span> 
     </span>
     <span class='ocr_line' id='line_1_3' title="bbox 99 305 1691 358; baseline -0.001 -11"><span class='ocrx_word' id='word_1_15' title='bbox 99 309 172 347; x_wconf 69' lang='lat' dir='ltr'>istu</span> <span class='ocrx_word' id='word_1_16' title='bbox 186 305 287 346; x_wconf 86' lang='lat' dir='ltr'>oculi</span> <span class='ocrx_word' id='word_1_17' title='bbox 315 319 354 345; x_wconf 89' lang='lat' dir='ltr'>ea</span> <span class='ocrx_word' id='word_1_18' title='bbox 382 307 545 345; x_wconf 86' lang='lat' dir='ltr'>dilatatio</span> <span class='ocrx_word' id='word_1_19' title='bbox 571 306 802 350; x_wconf 81' lang='lat' dir='ltr'>absolvatur,</span> <span class='ocrx_word' id='word_1_20' title='bbox 833 318 956 358; x_wconf 89' lang='lat' dir='ltr'>neque</span> <span class='ocrx_word' id='word_1_21' title='bbox 973 306 1205 357; x_wconf 87' lang='lat' dir='ltr'>pulfilegium</span> <span class='ocrx_word' id='word_1_22' title='bbox 1227 320 1246 346; x_wconf 88' lang='lat' dir='ltr'>a</span> <span class='ocrx_word' id='word_1_23' title='bbox 1275 307 1530 347; x_wconf 78' lang='lat' dir='ltr'>SANCTORI</span> <span class='ocrx_word' id='word_1_24' title='bbox 1546 319 1570 346; x_wconf 92' lang='lat'>0</span> <span class='ocrx_word' id='word_1_25' title='bbox 1604 307 1691 356; x_wconf 86' lang='lat' dir='ltr'>(n)</span> 
     </span>
     <span class='ocr_line' id='line_1_4' title="bbox 96 361 1693 420; baseline -0.001 -15"><span class='ocrx_word' id='word_1_26' title='bbox 96 366 315 420; x_wconf 76' lang='lat' dir='ltr'>promissum</span> <span class='ocrx_word' id='word_1_27' title='bbox 337 366 414 404; x_wconf 86' lang='lat' dir='ltr'>satis</span> <span class='ocrx_word' id='word_1_28' title='bbox 443 361 612 414; x_wconf 81' lang='lat' dir='ltr'>intelligo</span> <span class='ocrx_word' id='word_1_29' title='bbox 635 395 645 409; x_wconf 90' lang='lat'>,</span> <span class='ocrx_word' id='word_1_30' title='bbox 662 377 782 416; x_wconf 87' lang='lat' dir='ltr'>neque</span> <span class='ocrx_word' id='word_1_31' title='bbox 808 377 927 404; x_wconf 84' lang='lat' dir='ltr'>ceram</span> <span class='ocrx_word' id='word_1_32' title='bbox 953 373 1013 405; x_wconf 89' lang='lat' dir='ltr'>aut</span> <span class='ocrx_word' id='word_1_33' title='bbox 1041 368 1226 416; x_wconf 79' lang='lat' dir='ltr'>argillam,</span> <span class='ocrx_word' id='word_1_34' title='bbox 1258 368 1317 405; x_wconf 84' lang='lat' dir='ltr'>cui</span> <span class='ocrx_word' id='word_1_35' title='bbox 1343 367 1624 416; x_wconf 83' lang='lat' dir='ltr'>profundiorem</span> <span class='ocrx_word' id='word_1_36' title='bbox 1639 367 1693 405; x_wconf 88' lang='lat' dir='ltr'>fo-</span> 
     </span>
     <span class='ocr_line' id='line_1_5' title="bbox 96 425 1691 475; baseline -0.001 -12"><span class='ocrx_word' id='word_1_37' title='bbox 96 437 202 464; x_wconf 74' lang='lat' dir='ltr'>veam</span> <span class='ocrx_word' id='word_1_38' title='bbox 225 426 350 463; x_wconf 87' lang='lat' dir='ltr'>arteria</span> <span class='ocrx_word' id='word_1_39' title='bbox 375 425 516 462; x_wconf 85' lang='lat' dir='ltr'>dilatata</span> <span class='ocrx_word' id='word_1_40' title='bbox 535 426 721 474; x_wconf 81' lang='lat' dir='ltr'>imprImat</span> <span class='ocrx_word' id='word_1_41' title='bbox 734 453 744 467; x_wconf 94' lang='lat'>‚</span> <span class='ocrx_word' id='word_1_42' title='bbox 774 433 907 463; x_wconf 80' lang='lat' dir='ltr'>naturae</span> <span class='ocrx_word' id='word_1_43' title='bbox 923 425 1149 474; x_wconf 82' lang='lat' dir='ltr'>progressum</span> <span class='ocrx_word' id='word_1_44' title='bbox 1166 426 1324 464; x_wconf 89' lang='lat' dir='ltr'>indicare</span> <span class='ocrx_word' id='word_1_45' title='bbox 1342 425 1558 464; x_wconf 85' lang='lat' dir='ltr'>crediderim</span> <span class='ocrx_word' id='word_1_46' title='bbox 1577 454 1586 469; x_wconf 88' lang='lat'><strong>,</strong></span> <span class='ocrx_word' id='word_1_47' title='bbox 1611 437 1691 475; x_wconf 82' lang='lat' dir='ltr'>quae</span> 
     </span>
     <span class='ocr_line' id='line_1_6' title="bbox 92 478 1690 536; baseline -0.001 -13"><span class='ocrx_word' id='word_1_48' title='bbox 92 484 298 523; x_wconf 59' lang='lat' dir='ltr'>&gt;dilatationi</span> <span class='ocrx_word' id='word_1_49' title='bbox 325 485 457 521; x_wconf 83' lang='lat' dir='ltr'>arteriae</span> <span class='ocrx_word' id='word_1_50' title='bbox 486 482 623 521; x_wconf 80' lang='lat' dir='ltr'>resistat.</span> <span class='ocrx_word' id='word_1_51' title='bbox 645 478 859 536; x_wconf 76' lang='lat' dir='ltr'><em>Stephanus</em></span> <span class='ocrx_word' id='word_1_52' title='bbox 875 483 945 522; x_wconf 72' lang='lat' dir='ltr'>HA</span> <span class='ocrx_word' id='word_1_53' title='bbox 959 497 979 522; x_wconf 86' lang='lat' dir='ltr'>L</span> <span class='ocrx_word' id='word_1_54' title='bbox 994 496 1013 521; x_wconf 77' lang='grc' dir='ltr'><strong><em>Ε</em></strong></span> <span class='ocrx_word' id='word_1_55' title='bbox 1025 495 1041 522; x_wconf 85' lang='lat' dir='ltr'>s</span> <span class='ocrx_word' id='word_1_56' title='bbox 1071 484 1126 532; x_wconf 89' lang='lat' dir='ltr'>(o</span> <span class='ocrx_word' id='word_1_57' title='bbox 1141 480 1162 536; x_wconf 86' lang='lat'>)</span> <span class='ocrx_word' id='word_1_58' title='bbox 1179 513 1188 528; x_wconf 93' lang='lat'><strong>,</strong></span> <span class='ocrx_word' id='word_1_59' title='bbox 1207 492 1246 522; x_wconf 89' lang='lat' dir='ltr'>ut</span> <span class='ocrx_word' id='word_1_60' title='bbox 1275 496 1391 534; x_wconf 84' lang='lat' dir='ltr'><strong>nuper</strong></span> <span class='ocrx_word' id='word_1_61' title='bbox 1409 486 1564 523; x_wconf 87' lang='lat' dir='ltr'>vidimus</span> <span class='ocrx_word' id='word_1_62' title='bbox 1576 511 1588 529; x_wconf 90' lang='lat'>‚</span> <span class='ocrx_word' id='word_1_63' title='bbox 1603 485 1690 522; x_wconf 82' lang='lat' dir='ltr'>duas</span> 
     </span>
     <span class='ocr_line' id='line_1_7' title="bbox 97 540 1684 594; baseline 0 -13"><span class='ocrx_word' id='word_1_64' title='bbox 97 545 216 582; x_wconf 86' lang='lat' dir='ltr'>tertias</span> <span class='ocrx_word' id='word_1_65' title='bbox 236 551 352 594; x_wconf 84' lang='lat' dir='ltr'>partes</span> <span class='ocrx_word' id='word_1_66' title='bbox 379 542 559 590; x_wconf 77' lang='lat' dir='ltr'>sanguinis</span> <span class='ocrx_word' id='word_1_67' title='bbox 582 554 627 580; x_wconf 82' lang='lat' dir='ltr'>ex</span> <span class='ocrx_word' id='word_1_68' title='bbox 647 544 759 581; x_wconf 91' lang='lat' dir='ltr'>corde</span> <span class='ocrx_word' id='word_1_69' title='bbox 785 542 925 592; x_wconf 74' lang='lat' dir='ltr'>expulfi</span> <span class='ocrx_word' id='word_1_70' title='bbox 942 545 980 580; x_wconf 90' lang='lat' dir='ltr'>in</span> <span class='ocrx_word' id='word_1_71' title='bbox 1008 543 1187 581; x_wconf 83' lang='lat' dir='ltr'>dilatanda</span> <span class='ocrx_word' id='word_1_72' title='bbox 1209 540 1335 582; x_wconf 82' lang='lat' dir='ltr'>arteria</span> <span class='ocrx_word' id='word_1_73' title='bbox 1352 544 1517 581; x_wconf 83' lang='lat' dir='ltr'>consumi</span> <span class='ocrx_word' id='word_1_74' title='bbox 1536 543 1656 593; x_wconf 85' lang='lat' dir='ltr'>posuit</span> <span class='ocrx_word' id='word_1_75' title='bbox 1675 571 1684 586; x_wconf 82' lang='grc'><strong>,</strong></span> 
     </span>
     <span class='ocr_line' id='line_1_8' title="bbox 92 599 1687 654; baseline -0.001 -14"><span class='ocrx_word' id='word_1_76' title='bbox 92 615 180 640; x_wconf 88' lang='lat' dir='ltr'>cum</span> <span class='ocrx_word' id='word_1_77' title='bbox 212 608 378 653; x_wconf 80' lang='lat' dir='ltr'>tempuS,</span> <span class='ocrx_word' id='word_1_78' title='bbox 407 611 482 650; x_wconf 80' lang='lat' dir='ltr'>quo</span> <span class='ocrx_word' id='word_1_79' title='bbox 517 603 643 640; x_wconf 87' lang='lat' dir='ltr'>arteria</span> <span class='ocrx_word' id='word_1_80' title='bbox 663 603 711 640; x_wconf 84' lang='lat' dir='ltr'>est</span> <span class='ocrx_word' id='word_1_81' title='bbox 739 603 776 640; x_wconf 88' lang='lat' dir='ltr'>in</span> <span class='ocrx_word' id='word_1_82' title='bbox 797 599 955 654; x_wconf 87' lang='lat' dir='ltr'>systole,</span> <span class='ocrx_word' id='word_1_83' title='bbox 988 603 1143 652; x_wconf 89' lang='lat' dir='ltr'>duplum</span> <span class='ocrx_word' id='word_1_84' title='bbox 1167 602 1274 640; x_wconf 90' lang='lat' dir='ltr'>faciat</span> <span class='ocrx_word' id='word_1_85' title='bbox 1306 604 1480 651; x_wconf 81' lang='lat' dir='ltr'>temporis</span> <span class='ocrx_word' id='word_1_86' title='bbox 1510 602 1687 642; x_wconf 84' lang='lat' dir='ltr'>diastoles.</span> 
     </span>
     <span class='ocr_line' id='line_1_9' title="bbox 97 655 1689 715; baseline 0.001 -18"><span class='ocrx_word' id='word_1_87' title='bbox 97 660 127 710; x_wconf 88' lang='lat' dir='ltr'>J.</span> <span class='ocrx_word' id='word_1_88' title='bbox 153 655 371 713; x_wconf 61' lang='lat' dir='ltr'>Alphmgfics</span> <span class='ocrx_word' id='word_1_89' title='bbox 402 659 467 698; x_wconf 89' lang='lat' dir='ltr'>Bo</span> <span class='ocrx_word' id='word_1_90' title='bbox 484 674 505 698; x_wconf 85' lang='lat' dir='ltr'>R</span> <span class='ocrx_word' id='word_1_91' title='bbox 521 674 540 698; x_wconf 86' lang='lat' dir='ltr'><strong>E</strong></span> <span class='ocrx_word' id='word_1_92' title='bbox 557 672 680 699; x_wconf 85' lang='lat' dir='ltr'>LLUS</span> <span class='ocrx_word' id='word_1_93' title='bbox 716 661 802 715; x_wconf 78' lang='lat' dir='ltr'>(p)</span> <span class='ocrx_word' id='word_1_94' title='bbox 844 660 980 700; x_wconf 75' lang='lat' dir='ltr'>arteriae</span> <span class='ocrx_word' id='word_1_95' title='bbox 1006 662 1159 700; x_wconf 82' lang='lat' dir='ltr'>dilatatae</span> <span class='ocrx_word' id='word_1_96' title='bbox 1185 661 1230 699; x_wconf 89' lang='lat' dir='ltr'>ad</span> <span class='ocrx_word' id='word_1_97' title='bbox 1268 661 1488 699; x_wconf 49' lang='lat' dir='ltr'>contrariam</span> <span class='ocrx_word' id='word_1_98' title='bbox 1518 663 1689 700; x_wconf 80' lang='lat' dir='ltr'>arteriam</span> 
     </span>
     <span class='ocr_line' id='line_1_10' title="bbox 96 719 1687 770; baseline 0.001 -13"><span class='ocrx_word' id='word_1_99' title='bbox 96 732 176 758; x_wconf 85' lang='lat' dir='ltr'>eam</span> <span class='ocrx_word' id='word_1_100' title='bbox 197 722 377 759; x_wconf 87' lang='lat' dir='ltr'>rationem</span> <span class='ocrx_word' id='word_1_101' title='bbox 406 719 556 763; x_wconf 84' lang='lat' dir='ltr'>tribuit,</span> <span class='ocrx_word' id='word_1_102' title='bbox 595 728 635 757; x_wconf 87' lang='lat' dir='ltr'>ut</span> <span class='ocrx_word' id='word_1_103' title='bbox 661 721 728 758; x_wconf 76' lang='lat' dir='ltr'>sint</span> <span class='ocrx_word' id='word_1_104' title='bbox 752 724 845 758; x_wconf 87' lang='lat' dir='ltr'>inter</span> <span class='ocrx_word' id='word_1_105' title='bbox 874 721 908 758; x_wconf 90' lang='lat' dir='ltr'>se</span> <span class='ocrx_word' id='word_1_106' title='bbox 937 722 991 759; x_wconf 91' lang='lat' dir='ltr'>uti</span> <span class='ocrx_word' id='word_1_107' title='bbox 1013 729 1060 765; x_wconf 84' lang='lat'>63</span> <span class='ocrx_word' id='word_1_108' title='bbox 1091 722 1136 759; x_wconf 88' lang='lat' dir='ltr'>ad</span> <span class='ocrx_word' id='word_1_109' title='bbox 1164 729 1216 759; x_wconf 85' lang='lat'>60</span> <span class='ocrx_word' id='word_1_110' title='bbox 1238 747 1250 765; x_wconf 63' lang='lat'>2</span> <span class='ocrx_word' id='word_1_111' title='bbox 1275 720 1416 758; x_wconf 85' lang='lat' dir='ltr'>calculo</span> <span class='ocrx_word' id='word_1_112' title='bbox 1436 721 1586 770; x_wconf 86' lang='lat' dir='ltr'>quidem</span> <span class='ocrx_word' id='word_1_113' title='bbox 1607 722 1687 759; x_wconf 76' lang='lat' dir='ltr'>usus</span> 
     </span>
     <span class='ocr_line' id='line_1_11' title="bbox 93 778 1687 831; baseline 0.001 -15"><span class='ocrx_word' id='word_1_114' title='bbox 93 791 172 816; x_wconf 92' lang='lat' dir='ltr'>non</span> <span class='ocrx_word' id='word_1_115' title='bbox 199 781 353 828; x_wconf 84' lang='lat' dir='ltr'>optimo.</span> <span class='ocrx_word' id='word_1_116' title='bbox 390 778 434 815; x_wconf 91' lang='lat' dir='ltr'>In</span> <span class='ocrx_word' id='word_1_117' title='bbox 456 789 554 816; x_wconf 83' lang='lat' dir='ltr'>aorta</span> <span class='ocrx_word' id='word_1_118' title='bbox 576 808 586 822; x_wconf 86' lang='lat'>‚</span> <span class='ocrx_word' id='word_1_119' title='bbox 622 792 667 816; x_wconf 79' lang='lat' dir='ltr'>ex</span> <span class='ocrx_word' id='word_1_120' title='bbox 688 780 831 818; x_wconf 86' lang='lat' dir='ltr'>calculo</span> <span class='ocrx_word' id='word_1_121' title='bbox 849 787 970 819; x_wconf 82' lang='lat' dir='ltr'>tamen</span> <span class='ocrx_word' id='word_1_122' title='bbox 990 782 1111 829; x_wconf 86' lang='lat' dir='ltr'>potius</span> <span class='ocrx_word' id='word_1_123' title='bbox 1136 792 1247 831; x_wconf 86' lang='lat' dir='ltr'>quam</span> <span class='ocrx_word' id='word_1_124' title='bbox 1264 793 1308 818; x_wconf 84' lang='lat' dir='ltr'>ex</span> <span class='ocrx_word' id='word_1_125' title='bbox 1329 779 1579 818; x_wconf 82' lang='lat' dir='ltr'>observatione</span> <span class='ocrx_word' id='word_1_126' title='bbox 1593 809 1602 823; x_wconf 86' lang='lat'>‚</span> <span class='ocrx_word' id='word_1_127' title='bbox 1631 779 1687 819; x_wconf 91' lang='lat' dir='ltr'>Cl.</span> 
     </span>
     <span class='ocr_line' id='line_1_12' title="bbox 92 837 1686 892; baseline 0.001 -17"><span class='ocrx_word' id='word_1_128' title='bbox 92 837 210 876; x_wconf 71' lang='lat' dir='ltr'>Boxs</span> <span class='ocrx_word' id='word_1_129' title='bbox 227 848 344 876; x_wconf 70' lang='lat' dir='ltr'>sien</span> <span class='ocrx_word' id='word_1_130' title='bbox 371 838 626 876; x_wconf 84' lang='lat' dir='ltr'>distentionem</span> <span class='ocrx_word' id='word_1_131' title='bbox 651 838 826 888; x_wconf 78' lang='lat' dir='ltr'>aequalem</span> <span class='ocrx_word' id='word_1_132' title='bbox 855 839 940 877; x_wconf 88' lang='lat' dir='ltr'>fecit</span> <span class='ocrx_word' id='word_1_133' title='bbox 967 841 1031 877; x_wconf 88' lang='lat' dir='ltr'>uni</span> <span class='ocrx_word' id='word_1_134' title='bbox 1059 847 1193 889; x_wconf 81' lang='lat' dir='ltr'>quartae</span> <span class='ocrx_word' id='word_1_135' title='bbox 1219 840 1311 888; x_wconf 79' lang='lat' dir='ltr'>parti</span> <span class='ocrx_word' id='word_1_136' title='bbox 1340 839 1447 876; x_wconf 88' lang='lat' dir='ltr'>lineae</span> <span class='ocrx_word' id='word_1_137' title='bbox 1485 839 1582 892; x_wconf 76' lang='lat' dir='ltr'>(q).</span> <span class='ocrx_word' id='word_1_138' title='bbox 1630 838 1686 877; x_wconf 82' lang='lat' dir='ltr'>Ad</span> 
     </span>
     <span class='ocr_line' id='line_1_13' title="bbox 82 897 1686 946; baseline 0.001 -12"><span class='ocrx_word' id='word_1_139' title='bbox 82 897 226 935; x_wconf 62' lang='lat' dir='ltr'>&gt;lineam</span> <span class='ocrx_word' id='word_1_140' title='bbox 256 898 433 946; x_wconf 83' lang='lat' dir='ltr'>integram</span> <span class='ocrx_word' id='word_1_141' title='bbox 468 899 566 935; x_wconf 82' lang='lat' dir='ltr'>auxit</span> <span class='ocrx_word' id='word_1_142' title='bbox 598 897 656 936; x_wconf 86' lang='lat' dir='ltr'>Cl.</span> <span class='ocrx_word' id='word_1_143' title='bbox 690 898 780 935; x_wconf 81' lang='lat' dir='ltr'>olim</span> <span class='ocrx_word' id='word_1_144' title='bbox 814 897 1183 936; x_wconf 60' lang='lat' dir='ltr'>WJEITBRECHT</span> <span class='ocrx_word' id='word_1_145' title='bbox 1215 898 1294 946; x_wconf 82' lang='lat' dir='ltr'>(r)</span> <span class='ocrx_word' id='word_1_146' title='bbox 1324 926 1333 940; x_wconf 95' lang='lat'>,</span> <span class='ocrx_word' id='word_1_147' title='bbox 1370 899 1471 945; x_wconf 80' lang='lat' dir='ltr'>cujus</span> <span class='ocrx_word' id='word_1_148' title='bbox 1494 911 1513 936; x_wconf 91' lang='lat' dir='ltr'>e</span> <span class='ocrx_word' id='word_1_149' title='bbox 1550 910 1586 934; x_wconf 89' lang='lat' dir='ltr'>re</span> <span class='ocrx_word' id='word_1_150' title='bbox 1612 906 1686 937; x_wconf 83' lang='lat' dir='ltr'>erat</span> 
     </span>
     <span class='ocr_line' id='line_1_14' title="bbox 88 955 1682 1006; baseline 0 -12"><span class='ocrx_word' id='word_1_151' title='bbox 88 955 162 994; x_wconf 75' lang='lat' dir='ltr'>vesse</span> <span class='ocrx_word' id='word_1_152' title='bbox 197 968 305 1005; x_wconf 86' lang='lat' dir='ltr'>quam</span> <span class='ocrx_word' id='word_1_153' title='bbox 332 958 536 994; x_wconf 72' lang='lat' dir='ltr'>maximam.</span> <span class='ocrx_word' id='word_1_154' title='bbox 587 956 656 993; x_wconf 81' lang='lat' dir='ltr'>Sed</span> <span class='ocrx_word' id='word_1_155' title='bbox 682 968 751 1005; x_wconf 85' lang='lat' dir='ltr'>ego</span> <span class='ocrx_word' id='word_1_156' title='bbox 778 957 927 1006; x_wconf 68' lang='lat' dir='ltr'>quidem</span> <span class='ocrx_word' id='word_1_157' title='bbox 954 957 1029 996; x_wconf 57' lang='lat' dir='ltr'>haec</span> <span class='ocrx_word' id='word_1_158' title='bbox 1051 959 1175 995; x_wconf 79' lang='lat' dir='ltr'>omnia</span> <span class='ocrx_word' id='word_1_159' title='bbox 1202 957 1369 995; x_wconf 84' lang='lat' dir='ltr'>nondum</span> <span class='ocrx_word' id='word_1_160' title='bbox 1396 957 1533 1006; x_wconf 78' lang='lat' dir='ltr'>liquere</span> <span class='ocrx_word' id='word_1_161' title='bbox 1551 957 1682 1000; x_wconf 77' lang='lat' dir='ltr'>v1deo,</span> 
     </span>
     <span class='ocr_line' id='line_1_15' title="bbox 95 1015 1685 1067; baseline 0.001 -15"><span class='ocrx_word' id='word_1_162' title='bbox 95 1017 130 1052; x_wconf 64' lang='grc' dir='ltr'>ἃ</span> <span class='ocrx_word' id='word_1_163' title='bbox 164 1016 199 1050; x_wconf 88' lang='lat' dir='ltr'>in</span> <span class='ocrx_word' id='word_1_164' title='bbox 239 1016 313 1051; x_wconf 77' lang='lat' dir='ltr'>aliis</span> <span class='ocrx_word' id='word_1_165' title='bbox 356 1016 390 1052; x_wconf 90' lang='lat'>&amp;</span> <span class='ocrx_word' id='word_1_166' title='bbox 415 1016 489 1052; x_wconf 85' lang='lat' dir='ltr'>aliis</span> <span class='ocrx_word' id='word_1_167' title='bbox 516 1016 649 1052; x_wconf 75' lang='lat' dir='ltr'>arteriis</span> <span class='ocrx_word' id='word_1_168' title='bbox 671 1015 772 1052; x_wconf 63' lang='lat' dir='ltr'>aliter</span> <span class='ocrx_word' id='word_1_169' title='bbox 800 1017 833 1052; x_wconf 89' lang='lat' dir='ltr'>se</span> <span class='ocrx_word' id='word_1_170' title='bbox 866 1015 1006 1054; x_wconf 84' lang='lat' dir='ltr'>habere.</span> <span class='ocrx_word' id='word_1_171' title='bbox 1055 1016 1189 1066; x_wconf 85' lang='lat' dir='ltr'>Utique</span> <span class='ocrx_word' id='word_1_172' title='bbox 1212 1024 1331 1054; x_wconf 84' lang='lat' dir='ltr'>tamen</span> <span class='ocrx_word' id='word_1_173' title='bbox 1355 1018 1480 1053; x_wconf 79' lang='lat' dir='ltr'>arteria</span> <span class='ocrx_word' id='word_1_174' title='bbox 1519 1016 1685 1067; x_wconf 78' lang='lat' dir='ltr'>poplitea</span> 
     </span>
     <span class='ocr_line' id='line_1_16' title="bbox 93 1073 1685 1125; baseline 0.001 -15"><span class='ocrx_word' id='word_1_175' title='bbox 93 1073 299 1123; x_wconf 75' lang='lat' dir='ltr'>impositum</span> <span class='ocrx_word' id='word_1_176' title='bbox 330 1074 481 1111; x_wconf 81' lang='lat' dir='ltr'>alterum</span> <span class='ocrx_word' id='word_1_177' title='bbox 506 1074 623 1111; x_wconf 87' lang='lat' dir='ltr'>femur</span> <span class='ocrx_word' id='word_1_178' title='bbox 648 1075 877 1112; x_wconf 79' lang='lat' dir='ltr'>memorabili</span> <span class='ocrx_word' id='word_1_179' title='bbox 902 1075 1026 1125; x_wconf 82' lang='lat' dir='ltr'>aliquo</span> <span class='ocrx_word' id='word_1_180' title='bbox 1055 1076 1242 1113; x_wconf 81' lang='lat' dir='ltr'>intervallo</span> <span class='ocrx_word' id='word_1_181' title='bbox 1271 1075 1415 1117; x_wconf 71' lang='lat' dir='ltr'>elevas,</span> <span class='ocrx_word' id='word_1_182' title='bbox 1449 1076 1484 1112; x_wconf 69' lang='grc' dir='ltr'>ἃ</span> <span class='ocrx_word' id='word_1_183' title='bbox 1512 1077 1549 1112; x_wconf 85' lang='lat' dir='ltr'>in</span> <span class='ocrx_word' id='word_1_184' title='bbox 1579 1075 1685 1124; x_wconf 84' lang='lat' dir='ltr'>pulsu</span> 
     </span>
     <span class='ocr_line' id='line_1_17' title="bbox 93 1132 913 1186; baseline 0 -16"><span class='ocrx_word' id='word_1_185' title='bbox 93 1145 184 1182; x_wconf 75' lang='lat' dir='ltr'>aqua</span> <span class='ocrx_word' id='word_1_186' title='bbox 208 1132 439 1177; x_wconf 65' lang='lat' dir='ltr'>intumescit,</span> <span class='ocrx_word' id='word_1_187' title='bbox 466 1135 501 1170; x_wconf 90' lang='lat' dir='ltr'>in</span> <span class='ocrx_word' id='word_1_188' title='bbox 518 1145 636 1182; x_wconf 38' lang='lat' dir='ltr'>-quam</span> <span class='ocrx_word' id='word_1_189' title='bbox 667 1133 797 1171; x_wconf 77' lang='lat' dir='ltr'>sederis</span> <span class='ocrx_word' id='word_1_190' title='bbox 823 1132 913 1186; x_wconf 49' lang='grc' dir='ltr'>(ελ</span> 
     </span>
    </p>

    <p class='ocr_par' dir='ltr' id='par_1_3' title="bbox 87 1191 1688 1829">
     <span class='ocr_line' id='line_1_18' title="bbox 178 1191 1686 1240; baseline 0.001 -11"><span class='ocrx_word' id='word_1_191' title='bbox 178 1191 292 1229; x_wconf 79' lang='lat' dir='ltr'>Porro</span> <span class='ocrx_word' id='word_1_192' title='bbox 314 1219 324 1239; x_wconf 81' lang='lat'><strong><em>‚</em></strong></span> <span class='ocrx_word' id='word_1_193' title='bbox 361 1204 446 1229; x_wconf 85' lang='lat' dir='ltr'>cum</span> <span class='ocrx_word' id='word_1_194' title='bbox 467 1192 518 1230; x_wconf 83' lang='lat' dir='ltr'>Cl.</span> <span class='ocrx_word' id='word_1_195' title='bbox 544 1192 632 1229; x_wconf 78' lang='lat' dir='ltr'>We</span> <span class='ocrx_word' id='word_1_196' title='bbox 648 1204 659 1229; x_wconf 93' lang='lat'><em>1</em></span> <span class='ocrx_word' id='word_1_197' title='bbox 674 1205 726 1229; x_wconf 78' lang='grc' dir='ltr'>ΤΒ</span> <span class='ocrx_word' id='word_1_198' title='bbox 741 1203 793 1230; x_wconf 74' lang='lat' dir='ltr'>RE</span> <span class='ocrx_word' id='word_1_199' title='bbox 806 1202 828 1229; x_wconf 92' lang='lat' dir='ltr'>c</span> <span class='ocrx_word' id='word_1_200' title='bbox 843 1204 867 1228; x_wconf 78' lang='lat' dir='ltr'>H</span> <span class='ocrx_word' id='word_1_201' title='bbox 880 1205 903 1229; x_wconf 86' lang='lat' dir='ltr'>T</span> <span class='ocrx_word' id='word_1_202' title='bbox 923 1205 941 1230; x_wconf 92' lang='lat' dir='ltr'>a</span> <span class='ocrx_word' id='word_1_203' title='bbox 957 1191 1167 1229; x_wconf 77' lang='lat' dir='ltr'>dilatatione</span> <span class='ocrx_word' id='word_1_204' title='bbox 1186 1193 1320 1230; x_wconf 71' lang='lat' dir='ltr'>arteriae</span> <span class='ocrx_word' id='word_1_205' title='bbox 1346 1191 1488 1240; x_wconf 80' lang='lat' dir='ltr'>pulsum</span> <span class='ocrx_word' id='word_1_206' title='bbox 1507 1191 1583 1229; x_wconf 88' lang='lat' dir='ltr'>fieri</span> <span class='ocrx_word' id='word_1_207' title='bbox 1602 1192 1686 1230; x_wconf 88' lang='lat' dir='ltr'>ideo</span> 
     </span>
     <span class='ocr_line' id='line_1_19' title="bbox 91 1248 1687 1301; baseline 0.001 -14"><span class='ocrx_word' id='word_1_208' title='bbox 91 1252 281 1298; x_wconf 58' lang='lat' dir='ltr'>negaverit</span> <span class='ocrx_word' id='word_1_209' title='bbox 313 1248 399 1300; x_wconf 82' lang='lat' dir='ltr'>(t),</span> <span class='ocrx_word' id='word_1_210' title='bbox 424 1251 524 1301; x_wconf 86' lang='lat' dir='ltr'>quod</span> <span class='ocrx_word' id='word_1_211' title='bbox 550 1253 705 1288; x_wconf 87' lang='lat' dir='ltr'>omnino</span> <span class='ocrx_word' id='word_1_212' title='bbox 740 1264 834 1289; x_wconf 84' lang='lat' dir='ltr'>nova</span> <span class='ocrx_word' id='word_1_213' title='bbox 865 1251 961 1289; x_wconf 85' lang='lat' dir='ltr'>unda</span> <span class='ocrx_word' id='word_1_214' title='bbox 982 1251 1162 1300; x_wconf 84' lang='lat' dir='ltr'>sanguinis</span> <span class='ocrx_word' id='word_1_215' title='bbox 1187 1280 1197 1294; x_wconf 93' lang='lat'><strong>,</strong></span> <span class='ocrx_word' id='word_1_216' title='bbox 1232 1264 1276 1288; x_wconf 86' lang='lat' dir='ltr'>ex</span> <span class='ocrx_word' id='word_1_217' title='bbox 1307 1251 1417 1288; x_wconf 86' lang='lat' dir='ltr'>corde</span> <span class='ocrx_word' id='word_1_218' title='bbox 1443 1250 1550 1289; x_wconf 83' lang='lat' dir='ltr'>effusa</span> <span class='ocrx_word' id='word_1_219' title='bbox 1568 1280 1577 1295; x_wconf 93' lang='lat'>,</span> <span class='ocrx_word' id='word_1_220' title='bbox 1609 1264 1687 1289; x_wconf 88' lang='lat' dir='ltr'>non</span> 
     </span>
     <span class='ocr_line' id='line_1_20' title="bbox 90 1309 1685 1360; baseline 0.001 -16"><span class='ocrx_word' id='word_1_221' title='bbox 90 1309 252 1347; x_wconf 76' lang='lat' dir='ltr'>videatur</span> <span class='ocrx_word' id='word_1_222' title='bbox 278 1317 416 1347; x_wconf 65' lang='lat' dir='ltr'>tantum</span> <span class='ocrx_word' id='word_1_223' title='bbox 439 1311 645 1348; x_wconf 73' lang='lat' dir='ltr'>arteriarum</span> <span class='ocrx_word' id='word_1_224' title='bbox 677 1310 822 1360; x_wconf 48' lang='lat' dir='ltr'>systeina</span> <span class='ocrx_word' id='word_1_225' title='bbox 848 1311 896 1348; x_wconf 82' lang='lat' dir='ltr'>ita</span> <span class='ocrx_word' id='word_1_226' title='bbox 921 1311 1068 1348; x_wconf 82' lang='lat' dir='ltr'>dilatare</span> <span class='ocrx_word' id='word_1_227' title='bbox 1102 1309 1200 1359; x_wconf 79' lang='lat' dir='ltr'>posse</span> <span class='ocrx_word' id='word_1_228' title='bbox 1220 1339 1230 1353; x_wconf 90' lang='lat'>‚</span> <span class='ocrx_word' id='word_1_229' title='bbox 1273 1317 1311 1348; x_wconf 87' lang='lat' dir='ltr'>ut</span> <span class='ocrx_word' id='word_1_230' title='bbox 1346 1310 1536 1347; x_wconf 81' lang='lat' dir='ltr'>discrimen</span> <span class='ocrx_word' id='word_1_231' title='bbox 1570 1310 1685 1348; x_wconf 88' lang='lat' dir='ltr'>oculo</span> 
     </span>
     <span class='ocr_line' id='line_1_21' title="bbox 89 1368 1686 1419; baseline 0.001 -15"><span class='ocrx_word' id='word_1_232' title='bbox 89 1380 245 1406; x_wconf 79' lang='lat' dir='ltr'>manuve</span> <span class='ocrx_word' id='word_1_233' title='bbox 270 1368 439 1417; x_wconf 81' lang='lat' dir='ltr'>distingui</span> <span class='ocrx_word' id='word_1_234' title='bbox 471 1368 606 1418; x_wconf 67' lang='lat' dir='ltr'>possst,</span> <span class='ocrx_word' id='word_1_235' title='bbox 641 1371 836 1407; x_wconf 67' lang='lat' dir='ltr'>accuratius</span> <span class='ocrx_word' id='word_1_236' title='bbox 870 1370 1019 1419; x_wconf 71' lang='lat' dir='ltr'>paulum</span> <span class='ocrx_word' id='word_1_237' title='bbox 1050 1376 1198 1418; x_wconf 83' lang='lat' dir='ltr'>oportet</span> <span class='ocrx_word' id='word_1_238' title='bbox 1232 1369 1324 1407; x_wconf 85' lang='lat' dir='ltr'>hanc</span> <span class='ocrx_word' id='word_1_239' title='bbox 1354 1368 1603 1406; x_wconf 81' lang='lat' dir='ltr'>difficultatem</span> <span class='ocrx_word' id='word_1_240' title='bbox 1635 1381 1686 1406; x_wconf 87' lang='lat' dir='ltr'>re-</span> 
     </span>
     <span class='ocr_line' id='line_1_22' title="bbox 90 1427 1688 1478; baseline 0.001 -15"><span class='ocrx_word' id='word_1_241' title='bbox 90 1434 225 1475; x_wconf 79' lang='lat' dir='ltr'>petere.</span> <span class='ocrx_word' id='word_1_242' title='bbox 270 1427 304 1464; x_wconf 72' lang='lat' dir='ltr'>Si</span> <span class='ocrx_word' id='word_1_243' title='bbox 349 1440 480 1478; x_wconf 87' lang='lat' dir='ltr'>nempe</span> <span class='ocrx_word' id='word_1_244' title='bbox 524 1436 662 1466; x_wconf 79' lang='lat' dir='ltr'>aortam</span> <span class='ocrx_word' id='word_1_245' title='bbox 688 1441 755 1477; x_wconf 80' lang='lat' dir='ltr'>pro</span> <span class='ocrx_word' id='word_1_246' title='bbox 781 1430 891 1466; x_wconf 81' lang='lat' dir='ltr'>unico</span> <span class='ocrx_word' id='word_1_247' title='bbox 924 1430 1013 1467; x_wconf 88' lang='lat' dir='ltr'>tubo</span> <span class='ocrx_word' id='word_1_248' title='bbox 1056 1428 1222 1466; x_wconf 87' lang='lat' dir='ltr'>habueris</span> <span class='ocrx_word' id='word_1_249' title='bbox 1244 1457 1253 1470; x_wconf 91' lang='lat'><strong>,</strong></span> <span class='ocrx_word' id='word_1_250' title='bbox 1288 1429 1350 1477; x_wconf 89' lang='lat' dir='ltr'>qui</span> <span class='ocrx_word' id='word_1_251' title='bbox 1391 1429 1580 1465; x_wconf 85' lang='lat' dir='ltr'>contineat</span> <span class='ocrx_word' id='word_1_252' title='bbox 1609 1428 1688 1465; x_wconf 84' lang='lat' dir='ltr'>san-</span> 
     </span>
     <span class='ocr_line' id='line_1_23' title="bbox 90 1486 1685 1536; baseline 0.003 -16"><span class='ocrx_word' id='word_1_253' title='bbox 90 1486 209 1533; x_wconf 82' lang='lat' dir='ltr'>guinis</span> <span class='ocrx_word' id='word_1_254' title='bbox 233 1486 335 1523; x_wconf 76' lang='lat' dir='ltr'>libras</span> <span class='ocrx_word' id='word_1_255' title='bbox 368 1488 496 1524; x_wconf 87' lang='lat' dir='ltr'>decem</span> <span class='ocrx_word' id='word_1_256' title='bbox 518 1513 528 1534; x_wconf 93' lang='lat'>,</span> <span class='ocrx_word' id='word_1_257' title='bbox 555 1490 724 1525; x_wconf 76' lang='lat' dir='ltr'>unciasve</span> <span class='ocrx_word' id='word_1_258' title='bbox 759 1501 771 1524; x_wconf 90' lang='lat'><em>1</em></span> <span class='ocrx_word' id='word_1_259' title='bbox 787 1496 838 1524; x_wconf 69' lang='lat'>50</span> <span class='ocrx_word' id='word_1_260' title='bbox 857 1515 867 1531; x_wconf 86' lang='lat'>‚</span> <span class='ocrx_word' id='word_1_261' title='bbox 890 1496 977 1525; x_wconf 83' lang='lat' dir='ltr'>tunc</span> <span class='ocrx_word' id='word_1_262' title='bbox 1009 1487 1178 1536; x_wconf 78' lang='lat' dir='ltr'>equidem</span> <span class='ocrx_word' id='word_1_263' title='bbox 1206 1487 1285 1524; x_wconf 64' lang='lat' dir='ltr'>duae</span> <span class='ocrx_word' id='word_1_264' title='bbox 1308 1499 1356 1523; x_wconf 62' lang='lat' dir='ltr'>eae</span> <span class='ocrx_word' id='word_1_265' title='bbox 1376 1499 1478 1524; x_wconf 70' lang='lat' dir='ltr'>novae</span> <span class='ocrx_word' id='word_1_266' title='bbox 1503 1488 1685 1524; x_wconf 69' lang='lat' dir='ltr'>uueiaetu-</span> 
     </span>
     <span class='ocr_line' id='line_1_24' title="bbox 90 1544 1687 1594; baseline 0.002 -15"><span class='ocrx_word' id='word_1_267' title='bbox 90 1544 178 1580; x_wconf 87' lang='lat' dir='ltr'>bum</span> <span class='ocrx_word' id='word_1_268' title='bbox 204 1545 412 1582; x_wconf 80' lang='lat' dir='ltr'>atteriosum</span> <span class='ocrx_word' id='word_1_269' title='bbox 435 1558 509 1583; x_wconf 87' lang='lat' dir='ltr'>non</span> <span class='ocrx_word' id='word_1_270' title='bbox 538 1548 665 1594; x_wconf 80' lang='lat' dir='ltr'>majori</span> <span class='ocrx_word' id='word_1_271' title='bbox 682 1548 821 1583; x_wconf 79' lang='lat' dir='ltr'>ratione</span> <span class='ocrx_word' id='word_1_272' title='bbox 849 1544 1073 1588; x_wconf 78' lang='lat' dir='ltr'>dilatabunt,</span> <span class='ocrx_word' id='word_1_273' title='bbox 1096 1558 1201 1594; x_wconf 73' lang='lat' dir='ltr'>quam</span> <span class='ocrx_word' id='word_1_274' title='bbox 1223 1545 1442 1593; x_wconf 56' lang='lat' dir='ltr'>octogesima</span> <span class='ocrx_word' id='word_1_275' title='bbox 1472 1558 1479 1581; x_wconf 93' lang='lat'>:</span> <span class='ocrx_word' id='word_1_276' title='bbox 1512 1557 1590 1594; x_wconf 81' lang='lat' dir='ltr'>quae</span> <span class='ocrx_word' id='word_1_277' title='bbox 1609 1546 1687 1594; x_wconf 85' lang='lat' dir='ltr'>qui-</span> 
     </span>
     <span class='ocr_line' id='line_1_25' title="bbox 91 1601 1687 1653; baseline 0.003 -16"><span class='ocrx_word' id='word_1_278' title='bbox 91 1601 176 1638; x_wconf 87' lang='lat' dir='ltr'>dem</span> <span class='ocrx_word' id='word_1_279' title='bbox 204 1603 369 1640; x_wconf 82' lang='lat' dir='ltr'>mensura</span> <span class='ocrx_word' id='word_1_280' title='bbox 390 1603 448 1650; x_wconf 52' lang='lat' dir='ltr'>„fi</span> <span class='ocrx_word' id='word_1_281' title='bbox 479 1613 617 1641; x_wconf 82' lang='lat' dir='ltr'>aortam</span> <span class='ocrx_word' id='word_1_282' title='bbox 652 1605 811 1653; x_wconf 79' lang='lat' dir='ltr'>posueris</span> <span class='ocrx_word' id='word_1_283' title='bbox 843 1607 957 1642; x_wconf 82' lang='lat' dir='ltr'>unciae</span> <span class='ocrx_word' id='word_1_284' title='bbox 981 1605 1110 1643; x_wconf 77' lang='lat' dir='ltr'>habere</span> <span class='ocrx_word' id='word_1_285' title='bbox 1137 1605 1348 1642; x_wconf 78' lang='lat' dir='ltr'>diametrum</span> <span class='ocrx_word' id='word_1_286' title='bbox 1379 1630 1388 1650; x_wconf 91' lang='lat'>‚</span> <span class='ocrx_word' id='word_1_287' title='bbox 1418 1606 1453 1640; x_wconf 86' lang='lat' dir='ltr'>in</span> <span class='ocrx_word' id='word_1_288' title='bbox 1480 1604 1552 1652; x_wconf 81' lang='lat' dir='ltr'>ipsa</span> <span class='ocrx_word' id='word_1_289' title='bbox 1587 1611 1687 1642; x_wconf 78' lang='lat' dir='ltr'>aorta</span> 
     </span>
     <span class='ocr_line' id='line_1_26' title="bbox 87 1661 1688 1711; baseline 0.002 -15"><span class='ocrx_word' id='word_1_290' title='bbox 87 1662 158 1697; x_wconf 84' lang='lat' dir='ltr'>erit</span> <span class='ocrx_word' id='word_1_291' title='bbox 187 1661 292 1698; x_wconf 75' lang='lat' dir='ltr'>lineae</span> <span class='ocrx_word' id='word_1_292' title='bbox 316 1674 395 1711; x_wconf 84' lang='lat' dir='ltr'>pars</span> <span class='ocrx_word' id='word_1_293' title='bbox 425 1675 520 1711; x_wconf 87' lang='lat' dir='ltr'>pene</span> <span class='ocrx_word' id='word_1_294' title='bbox 547 1664 666 1700; x_wconf 63' lang='lat' dir='ltr'>ociava</span> <span class='ocrx_word' id='word_1_295' title='bbox 692 1689 703 1708; x_wconf 82' lang='lat'>‚</span> <span class='ocrx_word' id='word_1_296' title='bbox 733 1665 770 1700; x_wconf 86' lang='lat' dir='ltr'>iu</span> <span class='ocrx_word' id='word_1_297' title='bbox 798 1666 924 1701; x_wconf 83' lang='lat' dir='ltr'>arteria</span> <span class='ocrx_word' id='word_1_298' title='bbox 948 1676 1032 1701; x_wconf 83' lang='lat' dir='ltr'>vero</span> <span class='ocrx_word' id='word_1_299' title='bbox 1067 1664 1189 1700; x_wconf 78' lang='lat' dir='ltr'>radiali</span> <span class='ocrx_word' id='word_1_300' title='bbox 1219 1690 1230 1707; x_wconf 85' lang='lat'><strong>,</strong></span> <span class='ocrx_word' id='word_1_301' title='bbox 1261 1666 1360 1710; x_wconf 76' lang='lat' dir='ltr'>qu&#39;us</span> <span class='ocrx_word' id='word_1_302' title='bbox 1390 1663 1606 1700; x_wconf 76' lang='lat' dir='ltr'>diametrum</span> <span class='ocrx_word' id='word_1_303' title='bbox 1638 1663 1688 1700; x_wconf 86' lang='lat' dir='ltr'>est</span> 
     </span>
     <span class='ocr_line' id='line_1_27' title="bbox 88 1720 1688 1770; baseline 0.002 -15"><span class='ocrx_word' id='word_1_304' title='bbox 88 1720 198 1756; x_wconf 88' lang='lat' dir='ltr'>trium</span> <span class='ocrx_word' id='word_1_305' title='bbox 216 1748 225 1762; x_wconf 88' lang='lat'>‚</span> <span class='ocrx_word' id='word_1_306' title='bbox 253 1722 288 1757; x_wconf 91' lang='lat' dir='ltr'>in</span> <span class='ocrx_word' id='word_1_307' title='bbox 307 1722 480 1770; x_wconf 85' lang='lat' dir='ltr'>exemplo</span> <span class='ocrx_word' id='word_1_308' title='bbox 499 1750 509 1764; x_wconf 88' lang='lat'>‚</span> <span class='ocrx_word' id='word_1_309' title='bbox 526 1722 702 1759; x_wconf 85' lang='lat' dir='ltr'>linearum</span> <span class='ocrx_word' id='word_1_310' title='bbox 722 1749 732 1766; x_wconf 90' lang='lat'>‚</span> <span class='ocrx_word' id='word_1_311' title='bbox 749 1735 824 1760; x_wconf 88' lang='lat' dir='ltr'>non</span> <span class='ocrx_word' id='word_1_312' title='bbox 841 1723 1095 1759; x_wconf 69' lang='lat' dir='ltr'>exceditliueae</span> <span class='ocrx_word' id='word_1_313' title='bbox 1112 1729 1251 1770; x_wconf 82' lang='lat' dir='ltr'>partem</span> <span class='ocrx_word' id='word_1_314' title='bbox 1274 1728 1339 1760; x_wconf 82' lang='lat'>26.</span> <span class='ocrx_word' id='word_1_315' title='bbox 1376 1722 1411 1758; x_wconf 88' lang='lat' dir='ltr'>Si</span> <span class='ocrx_word' id='word_1_316' title='bbox 1431 1734 1518 1758; x_wconf 77' lang='lat' dir='ltr'>vero</span> <span class='ocrx_word' id='word_1_317' title='bbox 1532 1751 1540 1764; x_wconf 94' lang='lat'><strong><em>,</em></strong></span> <span class='ocrx_word' id='word_1_318' title='bbox 1564 1723 1601 1758; x_wconf 88' lang='lat' dir='ltr'>in</span> <span class='ocrx_word' id='word_1_319' title='bbox 1614 1721 1688 1758; x_wconf 86' lang='lat' dir='ltr'>hoc</span> 
     </span>
     <span class='ocr_line' id='line_1_28' title="bbox 88 1778 1688 1829; baseline 0.001 -15"><span class='ocrx_word' id='word_1_320' title='bbox 88 1778 353 1828; x_wconf 77' lang='lat' dir='ltr'>phaenomeno,</span> <span class='ocrx_word' id='word_1_321' title='bbox 368 1778 617 1818; x_wconf 76' lang='lat' dir='ltr'>dilatationem</span> <span class='ocrx_word' id='word_1_322' title='bbox 634 1783 769 1819; x_wconf 79' lang='lat' dir='ltr'>arteriae</span> <span class='ocrx_word' id='word_1_323' title='bbox 788 1793 868 1819; x_wconf 83' lang='lat' dir='ltr'>vere</span> <span class='ocrx_word' id='word_1_324' title='bbox 881 1782 1111 1819; x_wconf 80' lang='lat' dir='ltr'>observatam</span> <span class='ocrx_word' id='word_1_325' title='bbox 1126 1780 1162 1817; x_wconf 83' lang='lat' dir='ltr'>in</span> <span class='ocrx_word' id='word_1_326' title='bbox 1175 1781 1321 1819; x_wconf 87' lang='lat' dir='ltr'>diastole</span> <span class='ocrx_word' id='word_1_327' title='bbox 1340 1779 1498 1828; x_wconf 82' lang='lat' dir='ltr'>posueris</span> <span class='ocrx_word' id='word_1_328' title='bbox 1511 1781 1688 1829; x_wconf 61' lang='lat' dir='ltr'>aequalem</span> 
     </span>
    </p>
   </div>
   <div class='ocr_carea' id='block_1_3' title="bbox 95 1838 1688 1946">
    <p class='ocr_par' dir='ltr' id='par_1_4' title="bbox 95 1838 1688 1946">
     <span class='ocr_line' id='line_1_29' title="bbox 95 1838 1688 1890; baseline 0.001 -17"><span class='ocrx_word' id='word_1_329' title='bbox 95 1844 229 1885; x_wconf 66' lang='lat' dir='ltr'>quartae</span> <span class='ocrx_word' id='word_1_330' title='bbox 241 1838 342 1876; x_wconf 87' lang='lat' dir='ltr'>lineae</span> <span class='ocrx_word' id='word_1_331' title='bbox 361 1841 476 1888; x_wconf 86' lang='lat' dir='ltr'>parti,</span> <span class='ocrx_word' id='word_1_332' title='bbox 493 1846 555 1877; x_wconf 84' lang='lat' dir='ltr'>aut</span> <span class='ocrx_word' id='word_1_333' title='bbox 567 1841 637 1878; x_wconf 90' lang='lat' dir='ltr'>toti</span> <span class='ocrx_word' id='word_1_334' title='bbox 650 1841 753 1879; x_wconf 81' lang='lat' dir='ltr'>iineae</span> <span class='ocrx_word' id='word_1_335' title='bbox 770 1869 780 1884; x_wconf 87' lang='lat'><strong>,</strong></span> <span class='ocrx_word' id='word_1_336' title='bbox 796 1841 901 1879; x_wconf 88' lang='lat' dir='ltr'>facile</span> <span class='ocrx_word' id='word_1_337' title='bbox 919 1840 1068 1890; x_wconf 85' lang='lat' dir='ltr'>adparet</span> <span class='ocrx_word' id='word_1_338' title='bbox 1087 1866 1098 1889; x_wconf 86' lang='lat'>‚</span> <span class='ocrx_word' id='word_1_339' title='bbox 1115 1842 1290 1889; x_wconf 85' lang='lat' dir='ltr'>imparem</span> <span class='ocrx_word' id='word_1_340' title='bbox 1302 1838 1368 1877; x_wconf 86' lang='lat' dir='ltr'>effe</span> <span class='ocrx_word' id='word_1_341' title='bbox 1384 1847 1487 1878; x_wconf 84' lang='lat' dir='ltr'>tantae</span> <span class='ocrx_word' id='word_1_342' title='bbox 1504 1839 1688 1876; x_wconf 76' lang='lat' dir='ltr'>diltationi</span> 
     </span>
     <span class='ocr_line' id='line_1_30' title="bbox 1551 1898 1688 1946; baseline 0.007 -12"><span class='ocrx_word' id='word_1_343' title='bbox 1551 1898 1688 1946; x_wconf 74' lang='lat' dir='ltr'>produ-</span> 
     </span>
    </p>
   </div>
   <div class='ocr_carea' id='block_1_4' title="bbox 88 2050 1687 2416">
    <p class='ocr_par' dir='ltr' id='par_1_5' title="bbox 88 2050 1687 2209">
     <span class='ocr_line' id='line_1_31' title="bbox 167 2050 1685 2093; baseline 0.002 -13"><span class='ocrx_word' id='word_1_344' title='bbox 167 2052 241 2087; x_wconf 85' lang='lat' dir='ltr'>(n)</span> <span class='ocrx_word' id='word_1_345' title='bbox 264 2050 421 2082; x_wconf 83' lang='lat' dir='ltr'>Promittit</span> <span class='ocrx_word' id='word_1_346' title='bbox 443 2052 592 2089; x_wconf 73' lang='lat' dir='ltr'>eiusmodi</span> <span class='ocrx_word' id='word_1_347' title='bbox 609 2075 617 2088; x_wconf 85' lang='lat'>‚</span> <span class='ocrx_word' id='word_1_348' title='bbox 639 2061 673 2084; x_wconf 87' lang='lat' dir='ltr'>ut</span> <span class='ocrx_word' id='word_1_349' title='bbox 694 2060 811 2085; x_wconf 85' lang='lat' dir='ltr'>motum</span> <span class='ocrx_word' id='word_1_350' title='bbox 838 2057 866 2086; x_wconf 60' lang='grc' dir='ltr'>ὃς</span> <span class='ocrx_word' id='word_1_351' title='bbox 887 2054 1021 2093; x_wconf 79' lang='lat' dir='ltr'>quietem</span> <span class='ocrx_word' id='word_1_352' title='bbox 1046 2051 1162 2085; x_wconf 79' lang='lat' dir='ltr'>arteriae</span> <span class='ocrx_word' id='word_1_353' title='bbox 1183 2051 1324 2083; x_wconf 78' lang='lat' dir='ltr'>metiri&amp;</span> <span class='ocrx_word' id='word_1_354' title='bbox 1338 2051 1523 2085; x_wconf 41' lang='lat' dir='ltr'>afferendas</span> <span class='ocrx_word' id='word_1_355' title='bbox 1544 2058 1685 2083; x_wconf 81' lang='lat' dir='ltr'>motuum</span> 
     </span>
     <span class='ocr_line' id='line_1_32' title="bbox 88 2093 1687 2136; baseline 0.004 -16"><span class='ocrx_word' id='word_1_356' title='bbox 88 2101 144 2129; x_wconf 85' lang='lat'>133</span> <span class='ocrx_word' id='word_1_357' title='bbox 170 2093 346 2131; x_wconf 79' lang='lat' dir='ltr'>percipere,</span> <span class='ocrx_word' id='word_1_358' title='bbox 375 2096 402 2123; x_wconf 72' lang='grc'>8(</span> <span class='ocrx_word' id='word_1_359' title='bbox 415 2093 555 2128; x_wconf 74' lang='lat' dir='ltr'>demum,</span> <span class='ocrx_word' id='word_1_360' title='bbox 575 2105 632 2130; x_wconf 81' lang='lat' dir='ltr'>qua</span> <span class='ocrx_word' id='word_1_361' title='bbox 657 2095 704 2126; x_wconf 86' lang='lat' dir='ltr'>die</span> <span class='ocrx_word' id='word_1_362' title='bbox 723 2099 751 2125; x_wconf 78' lang='grc'>8(</span> <span class='ocrx_word' id='word_1_363' title='bbox 773 2097 849 2126; x_wconf 81' lang='lat' dir='ltr'>hora</span> <span class='ocrx_word' id='word_1_364' title='bbox 870 2097 944 2136; x_wconf 83' lang='lat' dir='ltr'>aegri</span> <span class='ocrx_word' id='word_1_365' title='bbox 962 2107 979 2126; x_wconf 81' lang='lat' dir='ltr'>a</span> <span class='ocrx_word' id='word_1_366' title='bbox 1000 2096 1077 2126; x_wconf 79' lang='lat' dir='ltr'>statu</span> <span class='ocrx_word' id='word_1_367' title='bbox 1087 2093 1217 2125; x_wconf 71' lang='lat' dir='ltr'>naturali</span> <span class='ocrx_word' id='word_1_368' title='bbox 1229 2095 1374 2126; x_wconf 72' lang='lat' dir='ltr'>recedant</span> <span class='ocrx_word' id='word_1_369' title='bbox 1387 2113 1395 2128; x_wconf 74' lang='lat'>2</span> <span class='ocrx_word' id='word_1_370' title='bbox 1417 2103 1512 2131; x_wconf 70' lang='lat' dir='ltr'>quave</span> <span class='ocrx_word' id='word_1_371' title='bbox 1533 2094 1610 2125; x_wconf 67' lang='lat' dir='ltr'>hara</span> <span class='ocrx_word' id='word_1_372' title='bbox 1633 2105 1687 2127; x_wconf 76' lang='lat' dir='ltr'>au-</span> 
     </span>
     <span class='ocr_line' id='line_1_33' title="bbox 88 2133 1289 2209; baseline 0.005 -48"><span class='ocrx_word' id='word_1_373' title='bbox 88 2140 252 2209; x_wconf 46' lang='lat' dir='ltr'>giitergtupi</span> <span class='ocrx_word' id='word_1_374' title='bbox 280 2133 369 2164; x_wconf 82' lang='lat' dir='ltr'>febris</span> <span class='ocrx_word' id='word_1_375' title='bbox 388 2134 520 2204; x_wconf 55' lang='lat' dir='ltr'>{iesinan</span> <span class='ocrx_word' id='word_1_376' title='bbox 533 2135 659 2167; x_wconf 81' lang='lat' dir='ltr'>definire</span> <span class='ocrx_word' id='word_1_377' title='bbox 676 2137 763 2176; x_wconf 81' lang='lat' dir='ltr'>poffis</span> <span class='ocrx_word' id='word_1_378' title='bbox 786 2138 931 2168; x_wconf 80' lang='lat' dir='ltr'>methodus</span> <span class='ocrx_word' id='word_1_379' title='bbox 950 2139 1060 2170; x_wconf 66' lang='lat' dir='ltr'>vitanti.</span> <span class='ocrx_word' id='word_1_380' title='bbox 1081 2146 1167 2167; x_wconf 82' lang='lat' dir='ltr'>error.</span> <span class='ocrx_word' id='word_1_381' title='bbox 1176 2146 1207 2175; x_wconf 86' lang='lat' dir='ltr'>p.</span> <span class='ocrx_word' id='word_1_382' title='bbox 1222 2140 1289 2170; x_wconf 64' lang='lat'>289„</span> 
     </span>
    </p>

    <p class='ocr_par' dir='ltr' id='par_1_6' title="bbox 195 2185 450 2212">
     <span class='ocr_line' id='line_1_34' title="bbox 195 2185 450 2212; baseline 0.012 -9"><span class='ocrx_word' id='word_1_383' title='bbox 195 2185 210 2203; x_wconf 90' lang='grc'>0</span> <span class='ocrx_word' id='word_1_384' title='bbox 259 2185 286 2212; x_wconf 78' lang='lat' dir='ltr'>p.</span> <span class='ocrx_word' id='word_1_385' title='bbox 309 2187 354 2205; x_wconf 66' lang='lat'>24.</span> <span class='ocrx_word' id='word_1_386' title='bbox 400 2198 406 2204; x_wconf 80' lang='grc'><strong>.</strong></span> <span class='ocrx_word' id='word_1_387' title='bbox 427 2186 450 2206; x_wconf 82' lang='lat' dir='ltr'>C-</span> 
     </span>
    </p>

    <p class='ocr_par' dir='ltr' id='par_1_7' title="bbox 169 2214 812 2259">
     <span class='ocr_line' id='line_1_35' title="bbox 169 2214 812 2259; baseline 0.014 -17"><span class='ocrx_word' id='word_1_388' title='bbox 169 2214 236 2251; x_wconf 84' lang='lat' dir='ltr'>(p)</span> <span class='ocrx_word' id='word_1_389' title='bbox 263 2218 307 2245; x_wconf 84' lang='lat' dir='ltr'>De</span> <span class='ocrx_word' id='word_1_390' title='bbox 332 2223 398 2245; x_wconf 83' lang='lat' dir='ltr'>mot.</span> <span class='ocrx_word' id='word_1_391' title='bbox 428 2219 515 2248; x_wconf 81' lang='lat' dir='ltr'>anim.</span> <span class='ocrx_word' id='word_1_392' title='bbox 537 2216 572 2249; x_wconf 90' lang='lat' dir='ltr'>L.</span> <span class='ocrx_word' id='word_1_393' title='bbox 591 2217 632 2249; x_wconf 84' lang='grc' dir='ltr'>Π.</span> <span class='ocrx_word' id='word_1_394' title='bbox 656 2229 742 2259; x_wconf 80' lang='lat' dir='ltr'>prop.</span> <span class='ocrx_word' id='word_1_395' title='bbox 764 2227 812 2253; x_wconf 84' lang='lat'>71.</span> 
     </span>
    </p>

    <p class='ocr_par' dir='ltr' id='par_1_8' title="bbox 168 2254 539 2297">
     <span class='ocr_line' id='line_1_36' title="bbox 168 2254 539 2297; baseline 0.013 -13"><span class='ocrx_word' id='word_1_396' title='bbox 168 2258 241 2293; x_wconf 67' lang='lat' dir='ltr'>(q)</span> <span class='ocrx_word' id='word_1_397' title='bbox 264 2259 308 2285; x_wconf 80' lang='lat' dir='ltr'>De</span> <span class='ocrx_word' id='word_1_398' title='bbox 327 2254 407 2294; x_wconf 66' lang='lat' dir='ltr'>pufic</span> <span class='ocrx_word' id='word_1_399' title='bbox 435 2269 468 2297; x_wconf 84' lang='lat' dir='ltr'>p.</span> <span class='ocrx_word' id='word_1_400' title='bbox 492 2269 539 2293; x_wconf 81' lang='lat'>29.</span> 
     </span>
    </p>

    <p class='ocr_par' dir='ltr' id='par_1_9' title="bbox 167 2296 385 2341">
     <span class='ocr_line' id='line_1_37' title="bbox 167 2296 385 2341; baseline 0.018 -11"><span class='ocrx_word' id='word_1_401' title='bbox 167 2296 239 2341; x_wconf 59' lang='lat' dir='ltr'>(f)</span> <span class='ocrx_word' id='word_1_402' title='bbox 266 2306 294 2333; x_wconf 70' lang='lat' dir='ltr'>P·</span> <span class='ocrx_word' id='word_1_403' title='bbox 321 2306 385 2334; x_wconf 66' lang='lat'><em>3³›5-</em></span> 
     </span>
    </p>

    <p class='ocr_par' dir='ltr' id='par_1_10' title="bbox 167 2336 796 2380">
     <span class='ocr_line' id='line_1_38' title="bbox 167 2336 796 2380; baseline 0.014 -16"><span class='ocrx_word' id='word_1_404' title='bbox 167 2340 231 2371; x_wconf 85' lang='lat'>(5)</span> <span class='ocrx_word' id='word_1_405' title='bbox 253 2336 296 2365; x_wconf 79' lang='lat' dir='ltr'>b&#39;1</span> <span class='ocrx_word' id='word_1_406' title='bbox 312 2348 332 2366; x_wconf 72' lang='lat' dir='ltr'>R</span> <span class='ocrx_word' id='word_1_407' title='bbox 347 2348 362 2366; x_wconf 84' lang='lat' dir='ltr'>c</span> <span class='ocrx_word' id='word_1_408' title='bbox 380 2350 397 2367; x_wconf 72' lang='lat' dir='ltr'>H</span> <span class='ocrx_word' id='word_1_409' title='bbox 421 2339 522 2375; x_wconf 59' lang='lat' dir='ltr'>hilm-y</span> <span class='ocrx_word' id='word_1_410' title='bbox 549 2339 589 2369; x_wconf 92' lang='lat' dir='ltr'>T.</span> <span class='ocrx_word' id='word_1_411' title='bbox 612 2339 655 2371; x_wconf 90' lang='grc' dir='ltr'>Π.</span> <span class='ocrx_word' id='word_1_412' title='bbox 677 2341 796 2380; x_wconf 76' lang='lat' dir='ltr'>p.¹426.</span> 
     </span>
    </p>

    <p class='ocr_par' dir='ltr' id='par_1_11' title="bbox 168 2379 987 2416">
     <span class='ocr_line' id='line_1_39' title="bbox 168 2379 987 2416; baseline 0.011 -10"><span class='ocrx_word' id='word_1_413' title='bbox 168 2380 232 2413; x_wconf 81' lang='lat' dir='ltr'>(t)</span> <span class='ocrx_word' id='word_1_414' title='bbox 256 2388 283 2415; x_wconf 85' lang='lat' dir='ltr'>p.</span> <span class='ocrx_word' id='word_1_415' title='bbox 309 2388 376 2414; x_wconf 67' lang='lat'>314.</span> <span class='ocrx_word' id='word_1_416' title='bbox 401 2379 553 2410; x_wconf 74' lang='lat' dir='ltr'>Numeros</span> <span class='ocrx_word' id='word_1_417' title='bbox 572 2383 709 2416; x_wconf 57' lang='lat' dir='ltr'>mutavi,</span> <span class='ocrx_word' id='word_1_418' title='bbox 733 2393 778 2415; x_wconf 78' lang='lat' dir='ltr'>res</span> <span class='ocrx_word' id='word_1_419' title='bbox 800 2383 907 2414; x_wconf 77' lang='lat' dir='ltr'>eadem</span> <span class='ocrx_word' id='word_1_420' title='bbox 934 2384 987 2415; x_wconf 83' lang='lat' dir='ltr'>est.</span> 
     </span>
    </p>
   </div>
  </div>
 </body>
</html>
