<?xml version="1.0" encoding="UTF-8"?>
<!DOCTYPE html PUBLIC "-//W3C//DTD XHTML 1.0 Transitional//EN"
    "http://www.w3.org/TR/xhtml1/DTD/xhtml1-transitional.dtd">
<html xmlns="http://www.w3.org/1999/xhtml" xml:lang="en" lang="en">
 <head>
  <title>
</title>
<meta http-equiv="Content-Type" content="text/html;charset=utf-8" />
  <meta name='ocr-system' content='tesseract 3.04.00' />
  <meta name='ocr-capabilities' content='ocr_page ocr_carea ocr_par ocr_line ocrx_word'/>
</head>
<body>
  <div class='ocr_page' id='page_1' title='image "./elementaphysiolo02hall_0083.png"; bbox 0 0 1968 2706; ppageno 0'>
   <div class='ocr_carea' id='block_1_1' title="bbox 587 171 1688 228">
    <p class='ocr_par' dir='ltr' id='par_1_1' title="bbox 587 171 1688 228">
     <span class='ocr_line' id='line_1_1' title="bbox 587 171 1688 228; baseline 0.001 -11"><span class='ocrx_word' id='word_1_1' title='bbox 587 171 776 219; x_wconf 79' lang='lat' dir='ltr'><strong><em>SECT.</em></strong></span> <span class='ocrx_word' id='word_1_2' title='bbox 814 173 886 217; x_wconf 87' lang='lat' dir='ltr'>II.</span> <span class='ocrx_word' id='word_1_3' title='bbox 948 177 1214 218; x_wconf 85' lang='lat' dir='ltr'>CRUOR.</span> <span class='ocrx_word' id='word_1_4' title='bbox 1637 188 1688 228; x_wconf 84' lang='lat'>67</span> 
     </span>
    </p>
   </div>
   <div class='ocr_carea' id='block_1_2' title="bbox 89 272 1699 1849">
    <p class='ocr_par' dir='ltr' id='par_1_2' title="bbox 89 272 1691 1217">
     <span class='ocr_line' id='line_1_2' title="bbox 89 272 1678 327; baseline -0.001 -12"><span class='ocrx_word' id='word_1_5' title='bbox 89 281 155 327; x_wconf 76' lang='lat' dir='ltr'>gis.</span> <span class='ocrx_word' id='word_1_6' title='bbox 194 275 341 316; x_wconf 81' lang='lat' dir='ltr'><strong>Deinde</strong></span> <span class='ocrx_word' id='word_1_7' title='bbox 368 286 488 325; x_wconf 84' lang='lat' dir='ltr'>neque</span> <span class='ocrx_word' id='word_1_8' title='bbox 515 286 676 326; x_wconf 71' lang='lat' dir='ltr'>unquam</span> <span class='ocrx_word' id='word_1_9' title='bbox 715 280 776 312; x_wconf 86' lang='lat' dir='ltr'>aut</span> <span class='ocrx_word' id='word_1_10' title='bbox 805 272 1034 310; x_wconf 80' lang='lat' dir='ltr'>diffilientem</span> <span class='ocrx_word' id='word_1_11' title='bbox 1067 274 1102 310; x_wconf 87' lang='lat' dir='ltr'>in</span> <span class='ocrx_word' id='word_1_12' title='bbox 1133 274 1292 311; x_wconf 85' lang='lat' dir='ltr'>minores</span> <span class='ocrx_word' id='word_1_13' title='bbox 1320 272 1494 322; x_wconf 71' lang='lat' dir='ltr'>globulos</span> <span class='ocrx_word' id='word_1_14' title='bbox 1530 275 1678 313; x_wconf 73' lang='lat' dir='ltr'>rubrum</span> 
     </span>
     <span class='ocr_line' id='line_1_3' title="bbox 92 332 1675 384; baseline -0.001 -10"><span class='ocrx_word' id='word_1_15' title='bbox 92 338 198 375; x_wconf 73' lang='lat' dir='ltr'>illum</span> <span class='ocrx_word' id='word_1_16' title='bbox 229 338 329 379; x_wconf 62' lang='lat' dir='ltr'>vidi,</span> <span class='ocrx_word' id='word_1_17' title='bbox 360 343 420 373; x_wconf 88' lang='lat' dir='ltr'>aut</span> <span class='ocrx_word' id='word_1_18' title='bbox 444 333 593 373; x_wconf 84' lang='lat' dir='ltr'>viciffim</span> <span class='ocrx_word' id='word_1_19' title='bbox 628 335 787 371; x_wconf 82' lang='lat' dir='ltr'>minores</span> <span class='ocrx_word' id='word_1_20' title='bbox 814 332 1003 384; x_wconf 74' lang='lat' dir='ltr'>sphaerulas</span> <span class='ocrx_word' id='word_1_21' title='bbox 1032 334 1070 369; x_wconf 89' lang='lat' dir='ltr'>in</span> <span class='ocrx_word' id='word_1_22' title='bbox 1100 334 1276 380; x_wconf 70' lang='lat' dir='ltr'>majorem</span> <span class='ocrx_word' id='word_1_23' title='bbox 1316 336 1461 370; x_wconf 84' lang='lat' dir='ltr'>unicam</span> <span class='ocrx_word' id='word_1_24' title='bbox 1492 335 1675 373; x_wconf 75' lang='lat' dir='ltr'>coalesce-</span> 
     </span>
     <span class='ocr_line' id='line_1_4' title="bbox 90 388 1678 442; baseline -0.002 -8"><span class='ocrx_word' id='word_1_25' title='bbox 90 409 142 435; x_wconf 83' lang='lat' dir='ltr'>re.</span> <span class='ocrx_word' id='word_1_26' title='bbox 192 395 373 433; x_wconf 79' lang='lat' dir='ltr'>Videntur</span> <span class='ocrx_word' id='word_1_27' title='bbox 414 401 534 432; x_wconf 86' lang='lat' dir='ltr'>autem</span> <span class='ocrx_word' id='word_1_28' title='bbox 567 388 662 431; x_wconf 82' lang='lat' dir='ltr'>rubri</span> <span class='ocrx_word' id='word_1_29' title='bbox 705 392 852 442; x_wconf 85' lang='lat' dir='ltr'>globuli</span> <span class='ocrx_word' id='word_1_30' title='bbox 882 391 989 429; x_wconf 86' lang='lat' dir='ltr'>nimis</span> <span class='ocrx_word' id='word_1_31' title='bbox 1027 392 1095 429; x_wconf 76' lang='lat' dir='ltr'>suae</span> <span class='ocrx_word' id='word_1_32' title='bbox 1133 392 1283 440; x_wconf 68' lang='lat' dir='ltr'>figurae,</span> <span class='ocrx_word' id='word_1_33' title='bbox 1320 391 1445 442; x_wconf 87' lang='lat' dir='ltr'>suique</span> <span class='ocrx_word' id='word_1_34' title='bbox 1481 395 1678 432; x_wconf 77' lang='lat' dir='ltr'>voluminis</span> 
     </span>
     <span class='ocr_line' id='line_1_5' title="bbox 91 450 1684 503; baseline -0.002 -10"><span class='ocrx_word' id='word_1_35' title='bbox 91 463 234 494; x_wconf 79' lang='lat' dir='ltr'>tenaces</span> <span class='ocrx_word' id='word_1_36' title='bbox 261 453 340 497; x_wconf 81' lang='lat' dir='ltr'>effe,</span> <span class='ocrx_word' id='word_1_37' title='bbox 359 464 476 503; x_wconf 85' lang='lat' dir='ltr'>neque</span> <span class='ocrx_word' id='word_1_38' title='bbox 497 453 673 501; x_wconf 85' lang='lat' dir='ltr'>ejusmodi</span> <span class='ocrx_word' id='word_1_39' title='bbox 704 460 764 489; x_wconf 86' lang='lat' dir='ltr'>aut</span> <span class='ocrx_word' id='word_1_40' title='bbox 793 452 996 499; x_wconf 73' lang='lat' dir='ltr'>regularem</span> <span class='ocrx_word' id='word_1_41' title='bbox 1023 450 1248 493; x_wconf 66' lang='lat' dir='ltr'>divifiorem,</span> <span class='ocrx_word' id='word_1_42' title='bbox 1268 460 1327 491; x_wconf 87' lang='lat' dir='ltr'>aut</span> <span class='ocrx_word' id='word_1_43' title='bbox 1352 452 1589 492; x_wconf 79' lang='lat' dir='ltr'>coalitionem</span> <span class='ocrx_word' id='word_1_44' title='bbox 1619 455 1684 491; x_wconf 76' lang='lat' dir='ltr'>ad-</span> 
     </span>
     <span class='ocr_line' id='line_1_6' title="bbox 91 507 1680 563; baseline -0.002 -10"><span class='ocrx_word' id='word_1_45' title='bbox 91 514 260 553; x_wconf 79' lang='lat' dir='ltr'>mittere:</span> <span class='ocrx_word' id='word_1_46' title='bbox 299 515 335 549; x_wconf 90' lang='lat' dir='ltr'>in</span> <span class='ocrx_word' id='word_1_47' title='bbox 371 512 530 561; x_wconf 76' lang='lat' dir='ltr'>coagulo</span> <span class='ocrx_word' id='word_1_48' title='bbox 571 513 689 555; x_wconf 83' lang='lat' dir='ltr'>enim,</span> <span class='ocrx_word' id='word_1_49' title='bbox 725 512 761 549; x_wconf 71' lang='grc' dir='ltr'>δι</span> <span class='ocrx_word' id='word_1_50' title='bbox 791 511 988 558; x_wconf 81' lang='lat' dir='ltr'>sanguineo</span> <span class='ocrx_word' id='word_1_51' title='bbox 1023 522 1159 558; x_wconf 78' lang='lat' dir='ltr'>grumo</span> <span class='ocrx_word' id='word_1_52' title='bbox 1191 507 1301 563; x_wconf 79' lang='lat' dir='ltr'>(cl),</span> <span class='ocrx_word' id='word_1_53' title='bbox 1344 513 1378 549; x_wconf 81' lang='lat'>&amp;</span> <span class='ocrx_word' id='word_1_54' title='bbox 1403 514 1566 562; x_wconf 81' lang='lat' dir='ltr'>unguine</span> <span class='ocrx_word' id='word_1_55' title='bbox 1595 514 1680 562; x_wconf 85' lang='lat' dir='ltr'>(e)</span> 
     </span>
     <span class='ocr_line' id='line_1_7' title="bbox 91 569 1684 622; baseline -0.001 -10"><span class='ocrx_word' id='word_1_56' title='bbox 91 576 240 612; x_wconf 84' lang='lat' dir='ltr'>demum</span> <span class='ocrx_word' id='word_1_57' title='bbox 272 569 367 621; x_wconf 84' lang='lat' dir='ltr'>quafi</span> <span class='ocrx_word' id='word_1_58' title='bbox 404 571 549 615; x_wconf 81' lang='lat' dir='ltr'>oleoso,</span> <span class='ocrx_word' id='word_1_59' title='bbox 590 573 627 608; x_wconf 89' lang='lat' dir='ltr'>in</span> <span class='ocrx_word' id='word_1_60' title='bbox 660 570 760 621; x_wconf 88' lang='lat' dir='ltr'>quod</span> <span class='ocrx_word' id='word_1_61' title='bbox 796 571 822 606; x_wconf 85' lang='lat' dir='ltr'>ii</span> <span class='ocrx_word' id='word_1_62' title='bbox 848 569 989 618; x_wconf 80' lang='lat' dir='ltr'>globuli</span> <span class='ocrx_word' id='word_1_63' title='bbox 1015 581 1079 618; x_wconf 85' lang='lat' dir='ltr'>per</span> <span class='ocrx_word' id='word_1_64' title='bbox 1115 571 1276 619; x_wconf 86' lang='lat' dir='ltr'>quietern</span> <span class='ocrx_word' id='word_1_65' title='bbox 1310 570 1549 622; x_wconf 79' lang='lat' dir='ltr'>degenerant,</span> <span class='ocrx_word' id='word_1_66' title='bbox 1585 572 1684 621; x_wconf 77' lang='lat' dir='ltr'>figu-</span> 
     </span>
     <span class='ocr_line' id='line_1_8' title="bbox 90 627 1678 680; baseline -0.003 -9"><span class='ocrx_word' id='word_1_67' title='bbox 90 645 185 675; x_wconf 85' lang='lat' dir='ltr'>ram,</span> <span class='ocrx_word' id='word_1_68' title='bbox 214 641 324 680; x_wconf 83' lang='lat' dir='ltr'>quam</span> <span class='ocrx_word' id='word_1_69' title='bbox 349 630 496 668; x_wconf 81' lang='lat' dir='ltr'>amififfe</span> <span class='ocrx_word' id='word_1_70' title='bbox 523 630 706 676; x_wconf 83' lang='lat' dir='ltr'>videntur,</span> <span class='ocrx_word' id='word_1_71' title='bbox 734 629 968 674; x_wconf 81' lang='lat' dir='ltr'>conservant,</span> <span class='ocrx_word' id='word_1_72' title='bbox 994 627 1173 678; x_wconf 71' lang='lat' dir='ltr'>facileque</span> <span class='ocrx_word' id='word_1_73' title='bbox 1204 638 1417 679; x_wconf 87' lang='lat' dir='ltr'>recuperant</span> <span class='ocrx_word' id='word_1_74' title='bbox 1442 632 1678 669; x_wconf 72' lang='lat' dir='ltr'>immutatam.</span> 
     </span>
     <span class='ocr_line' id='line_1_9' title="bbox 89 688 1682 738; baseline 0.001 -11"><span class='ocrx_word' id='word_1_75' title='bbox 89 692 131 730; x_wconf 80' lang='lat' dir='ltr'>ln</span> <span class='ocrx_word' id='word_1_76' title='bbox 163 689 245 738; x_wconf 74' lang='lat' dir='ltr'>ipsis</span> <span class='ocrx_word' id='word_1_77' title='bbox 277 689 427 727; x_wconf 86' lang='lat' dir='ltr'>demum</span> <span class='ocrx_word' id='word_1_78' title='bbox 460 690 514 728; x_wconf 85' lang='lat'>111.</span> <span class='ocrx_word' id='word_1_79' title='bbox 553 690 750 728; x_wconf 76' lang='lat' dir='ltr'>ELLER1</span> <span class='ocrx_word' id='word_1_80' title='bbox 788 689 1044 738; x_wconf 73' lang='lat' dir='ltr'><strong>experimentis</strong></span> <span class='ocrx_word' id='word_1_81' title='bbox 1084 688 1283 737; x_wconf 78' lang='lat' dir='ltr'>adparuit,</span> <span class='ocrx_word' id='word_1_82' title='bbox 1338 690 1444 728; x_wconf 83' lang='lat' dir='ltr'>salem</span> <span class='ocrx_word' id='word_1_83' title='bbox 1478 692 1682 734; x_wconf 84' lang='lat' dir='ltr'>marinum,</span> 
     </span>
     <span class='ocr_line' id='line_1_10' title="bbox 89 748 1684 798; baseline -0.001 -11"><span class='ocrx_word' id='word_1_84' title='bbox 89 752 225 787; x_wconf 83' lang='lat' dir='ltr'>nitrum</span> <span class='ocrx_word' id='word_1_85' title='bbox 246 774 258 793; x_wconf 65' lang='lat'><em>9</em></span> <span class='ocrx_word' id='word_1_86' title='bbox 283 748 388 786; x_wconf 76' lang='lat' dir='ltr'>salem</span> <span class='ocrx_word' id='word_1_87' title='bbox 427 748 698 798; x_wconf 80' lang='lat' dir='ltr'>Epsornensem,</span> <span class='ocrx_word' id='word_1_88' title='bbox 730 748 896 795; x_wconf 82' lang='lat' dir='ltr'>alumen,</span> <span class='ocrx_word' id='word_1_89' title='bbox 928 749 1030 785; x_wconf 84' lang='lat' dir='ltr'>variis</span> <span class='ocrx_word' id='word_1_90' title='bbox 1066 748 1185 785; x_wconf 84' lang='lat' dir='ltr'>modis</span> <span class='ocrx_word' id='word_1_91' title='bbox 1225 749 1463 797; x_wconf 80' lang='lat' dir='ltr'>globulorum</span> <span class='ocrx_word' id='word_1_92' title='bbox 1505 751 1684 788; x_wconf 83' lang='lat' dir='ltr'>unionem</span> 
     </span>
     <span class='ocr_line' id='line_1_11' title="bbox 89 806 1686 857; baseline -0.001 -11"><span class='ocrx_word' id='word_1_93' title='bbox 89 816 256 856; x_wconf 74' lang='lat' dir='ltr'>mutare,</span> <span class='ocrx_word' id='word_1_94' title='bbox 281 814 321 846; x_wconf 90' lang='lat' dir='ltr'>ut</span> <span class='ocrx_word' id='word_1_95' title='bbox 353 810 493 857; x_wconf 77' lang='lat' dir='ltr'>languis</span> <span class='ocrx_word' id='word_1_96' title='bbox 528 815 587 846; x_wconf 80' lang='lat' dir='ltr'>aut</span> <span class='ocrx_word' id='word_1_97' title='bbox 613 815 777 857; x_wconf 82' lang='lat' dir='ltr'>cogatur,</span> <span class='ocrx_word' id='word_1_98' title='bbox 803 813 864 845; x_wconf 86' lang='lat' dir='ltr'>aut</span> <span class='ocrx_word' id='word_1_99' title='bbox 895 806 1070 849; x_wconf 83' lang='lat' dir='ltr'>solvatur.</span> <span class='ocrx_word' id='word_1_100' title='bbox 1101 808 1280 845; x_wconf 86' lang='lat' dir='ltr'>&amp;tamen</span> <span class='ocrx_word' id='word_1_101' title='bbox 1312 808 1463 857; x_wconf 81' lang='lat' dir='ltr'>figuram</span> <span class='ocrx_word' id='word_1_102' title='bbox 1494 809 1686 857; x_wconf 79' lang='lat' dir='ltr'>globosam</span> 
     </span>
     <span class='ocr_line' id='line_1_12' title="bbox 89 860 1687 917; baseline -0.001 -12"><span class='ocrx_word' id='word_1_103' title='bbox 89 870 126 905; x_wconf 91' lang='lat' dir='ltr'>in</span> <span class='ocrx_word' id='word_1_104' title='bbox 154 880 198 905; x_wconf 84' lang='lat' dir='ltr'>eo</span> <span class='ocrx_word' id='word_1_105' title='bbox 228 867 408 915; x_wconf 71' lang='lat' dir='ltr'>coagulo,</span> <span class='ocrx_word' id='word_1_106' title='bbox 443 876 504 904; x_wconf 88' lang='lat' dir='ltr'>aut</span> <span class='ocrx_word' id='word_1_107' title='bbox 536 869 572 904; x_wconf 86' lang='lat' dir='ltr'>in</span> <span class='ocrx_word' id='word_1_108' title='bbox 600 866 781 905; x_wconf 86' lang='lat' dir='ltr'>solutione</span> <span class='ocrx_word' id='word_1_109' title='bbox 824 866 1002 917; x_wconf 80' lang='lat' dir='ltr'>superesse</span> <span class='ocrx_word' id='word_1_110' title='bbox 1029 860 1139 917; x_wconf 83' lang='lat' dir='ltr'>(f);</span> <span class='ocrx_word' id='word_1_111' title='bbox 1168 867 1318 906; x_wconf 79' lang='lat' dir='ltr'>demum</span> <span class='ocrx_word' id='word_1_112' title='bbox 1361 866 1479 917; x_wconf 88' lang='lat' dir='ltr'>ipsum</span> <span class='ocrx_word' id='word_1_113' title='bbox 1507 868 1605 911; x_wconf 74' lang='lat' dir='ltr'>salis,</span> <span class='ocrx_word' id='word_1_114' title='bbox 1650 868 1687 903; x_wconf 67' lang='lat' dir='ltr'>Sc</span> 
     </span>
     <span class='ocr_line' id='line_1_13' title="bbox 89 925 1688 976; baseline 0 -12"><span class='ocrx_word' id='word_1_115' title='bbox 89 929 194 969; x_wconf 80' lang='lat' dir='ltr'>nitri,</span> <span class='ocrx_word' id='word_1_116' title='bbox 226 928 262 964; x_wconf 60' lang='lat' dir='ltr'>&amp;a</span> <span class='ocrx_word' id='word_1_117' title='bbox 288 926 421 964; x_wconf 86' lang='lat' dir='ltr'>vitrioli</span> <span class='ocrx_word' id='word_1_118' title='bbox 448 927 637 974; x_wconf 86' lang='lat' dir='ltr'>spiritum,</span> <span class='ocrx_word' id='word_1_119' title='bbox 673 927 737 976; x_wconf 87' lang='lat' dir='ltr'>qui</span> <span class='ocrx_word' id='word_1_120' title='bbox 763 925 998 964; x_wconf 86' lang='lat' dir='ltr'>vehementer</span> <span class='ocrx_word' id='word_1_121' title='bbox 1022 926 1233 974; x_wconf 78' lang='lat' dir='ltr'>sanguinem</span> <span class='ocrx_word' id='word_1_122' title='bbox 1264 927 1480 975; x_wconf 78' lang='lat' dir='ltr'>coagulant,</span> <span class='ocrx_word' id='word_1_123' title='bbox 1512 926 1688 975; x_wconf 79' lang='lat' dir='ltr'>globulos</span> 
     </span>
     <span class='ocr_line' id='line_1_14' title="bbox 93 984 1689 1038; baseline -0.001 -14"><span class='ocrx_word' id='word_1_124' title='bbox 93 995 216 1024; x_wconf 66' lang='lat' dir='ltr'>tamen</span> <span class='ocrx_word' id='word_1_125' title='bbox 248 997 367 1034; x_wconf 85' lang='lat' dir='ltr'>neque</span> <span class='ocrx_word' id='word_1_126' title='bbox 391 985 588 1029; x_wconf 86' lang='lat' dir='ltr'>destruere,</span> <span class='ocrx_word' id='word_1_127' title='bbox 625 997 744 1035; x_wconf 85' lang='lat' dir='ltr'>neque</span> <span class='ocrx_word' id='word_1_128' title='bbox 769 984 868 1022; x_wconf 89' lang='lat' dir='ltr'>mole</span> <span class='ocrx_word' id='word_1_129' title='bbox 897 987 1061 1022; x_wconf 86' lang='lat' dir='ltr'>minuere</span> <span class='ocrx_word' id='word_1_130' title='bbox 1094 986 1195 1038; x_wconf 78' lang='lat' dir='ltr'>(g).</span> <span class='ocrx_word' id='word_1_131' title='bbox 1242 987 1372 1025; x_wconf 84' lang='lat' dir='ltr'>Serum</span> <span class='ocrx_word' id='word_1_132' title='bbox 1399 987 1586 1036; x_wconf 84' lang='lat' dir='ltr'>denique,</span> <span class='ocrx_word' id='word_1_133' title='bbox 1623 999 1689 1036; x_wconf 83' lang='lat' dir='ltr'>per</span> 
     </span>
     <span class='ocr_line' id='line_1_15' title="bbox 90 1044 1690 1096; baseline 0 -14"><span class='ocrx_word' id='word_1_134' title='bbox 90 1045 192 1096; x_wconf 87' lang='lat' dir='ltr'>quod</span> <span class='ocrx_word' id='word_1_135' title='bbox 222 1044 338 1093; x_wconf 86' lang='lat' dir='ltr'>ipsum</span> <span class='ocrx_word' id='word_1_136' title='bbox 366 1044 463 1081; x_wconf 82' lang='lat' dir='ltr'>rubri</span> <span class='ocrx_word' id='word_1_137' title='bbox 499 1044 644 1093; x_wconf 85' lang='lat' dir='ltr'>globuli</span> <span class='ocrx_word' id='word_1_138' title='bbox 689 1050 911 1087; x_wconf 86' lang='lat' dir='ltr'>moventur,</span> <span class='ocrx_word' id='word_1_139' title='bbox 943 1050 1064 1081; x_wconf 82' lang='lat' dir='ltr'>totum</span> <span class='ocrx_word' id='word_1_140' title='bbox 1092 1045 1141 1081; x_wconf 81' lang='lat' dir='ltr'>ita</span> <span class='ocrx_word' id='word_1_141' title='bbox 1179 1045 1360 1096; x_wconf 75' lang='lat' dir='ltr'>pellucet,</span> <span class='ocrx_word' id='word_1_142' title='bbox 1391 1052 1432 1083; x_wconf 87' lang='lat' dir='ltr'>ut</span> <span class='ocrx_word' id='word_1_143' title='bbox 1468 1057 1513 1082; x_wconf 85' lang='lat' dir='ltr'>ne</span> <span class='ocrx_word' id='word_1_144' title='bbox 1539 1046 1690 1096; x_wconf 84' lang='lat' dir='ltr'>quidem</span> 
     </span>
     <span class='ocr_line' id='line_1_16' title="bbox 90 1102 1691 1152; baseline -0.001 -11"><span class='ocrx_word' id='word_1_145' title='bbox 90 1105 210 1142; x_wconf 78' lang='lat' dir='ltr'>oculis</span> <span class='ocrx_word' id='word_1_146' title='bbox 246 1104 386 1152; x_wconf 84' lang='lat' dir='ltr'>percipi</span> <span class='ocrx_word' id='word_1_147' title='bbox 415 1103 546 1152; x_wconf 72' lang='lat' dir='ltr'>polilt,</span> <span class='ocrx_word' id='word_1_148' title='bbox 576 1104 612 1140; x_wconf 85' lang='lat'>&amp;</span> <span class='ocrx_word' id='word_1_149' title='bbox 648 1103 748 1140; x_wconf 83' lang='lat' dir='ltr'>rubri</span> <span class='ocrx_word' id='word_1_150' title='bbox 780 1102 924 1150; x_wconf 82' lang='lat' dir='ltr'>globuli</span> <span class='ocrx_word' id='word_1_151' title='bbox 962 1114 1028 1152; x_wconf 85' lang='lat' dir='ltr'>per</span> <span class='ocrx_word' id='word_1_152' title='bbox 1058 1104 1163 1139; x_wconf 86' lang='lat' dir='ltr'>inane</span> <span class='ocrx_word' id='word_1_153' title='bbox 1195 1104 1297 1147; x_wconf 84' lang='lat' dir='ltr'>ferri,</span> <span class='ocrx_word' id='word_1_154' title='bbox 1328 1105 1539 1148; x_wconf 87' lang='lat' dir='ltr'>videantur,</span> <span class='ocrx_word' id='word_1_155' title='bbox 1583 1107 1691 1142; x_wconf 75' lang='lat' dir='ltr'>etiam</span> 
     </span>
     <span class='ocr_line' id='line_1_17' title="bbox 89 1156 1512 1217; baseline 0 -17"><span class='ocrx_word' id='word_1_156' title='bbox 89 1157 254 1217; x_wconf 62' lang='lat' dir='ltr'>Jaftplzo</span> <span class='ocrx_word' id='word_1_157' title='bbox 282 1158 460 1201; x_wconf 77' lang='lat' dir='ltr'>Antonio</span> <span class='ocrx_word' id='word_1_158' title='bbox 493 1162 519 1200; x_wconf 93' lang='lat' dir='ltr'>P</span> <span class='ocrx_word' id='word_1_159' title='bbox 537 1176 557 1201; x_wconf 84' lang='grc' dir='ltr'>υ</span> <span class='ocrx_word' id='word_1_160' title='bbox 576 1173 688 1199; x_wconf 81' lang='lat' dir='ltr'><strong>JATI</strong></span> <span class='ocrx_word' id='word_1_161' title='bbox 717 1162 804 1199; x_wconf 87' lang='lat' dir='ltr'>teste</span> <span class='ocrx_word' id='word_1_162' title='bbox 831 1156 917 1214; x_wconf 84' lang='lat' dir='ltr'>(lz)</span> <span class='ocrx_word' id='word_1_163' title='bbox 936 1190 945 1204; x_wconf 94' lang='lat'>,</span> <span class='ocrx_word' id='word_1_164' title='bbox 984 1159 1189 1209; x_wconf 85' lang='lat' dir='ltr'>graviffimo</span> <span class='ocrx_word' id='word_1_165' title='bbox 1217 1162 1391 1211; x_wconf 78' lang='lat' dir='ltr'>equidem</span> <span class='ocrx_word' id='word_1_166' title='bbox 1422 1165 1512 1200; x_wconf 87' lang='lat' dir='ltr'>viro.</span> 
     </span>
    </p>

    <p class='ocr_par' dir='ltr' id='par_1_3' title="bbox 90 1220 1697 1802">
     <span class='ocr_line' id='line_1_18' title="bbox 176 1220 1692 1271; baseline -0.001 -12"><span class='ocrx_word' id='word_1_167' title='bbox 176 1221 321 1259; x_wconf 85' lang='lat' dir='ltr'>Deinde</span> <span class='ocrx_word' id='word_1_168' title='bbox 337 1221 479 1269; x_wconf 86' lang='lat' dir='ltr'>globuli</span> <span class='ocrx_word' id='word_1_169' title='bbox 493 1222 591 1259; x_wconf 86' lang='lat' dir='ltr'>rubri</span> <span class='ocrx_word' id='word_1_170' title='bbox 607 1223 642 1258; x_wconf 85' lang='lat' dir='ltr'>in</span> <span class='ocrx_word' id='word_1_171' title='bbox 659 1220 848 1271; x_wconf 85' lang='lat' dir='ltr'>lympham</span> <span class='ocrx_word' id='word_1_172' title='bbox 861 1220 1106 1271; x_wconf 84' lang='lat' dir='ltr'>deliquescere</span> <span class='ocrx_word' id='word_1_173' title='bbox 1133 1232 1212 1258; x_wconf 89' lang='lat' dir='ltr'>non</span> <span class='ocrx_word' id='word_1_174' title='bbox 1235 1221 1414 1265; x_wconf 84' lang='lat' dir='ltr'>videntur,</span> <span class='ocrx_word' id='word_1_175' title='bbox 1427 1223 1489 1271; x_wconf 88' lang='lat' dir='ltr'>qui</span> <span class='ocrx_word' id='word_1_176' title='bbox 1504 1222 1540 1258; x_wconf 59' lang='grc' dir='ltr'>ὃς</span> <span class='ocrx_word' id='word_1_177' title='bbox 1551 1221 1692 1259; x_wconf 84' lang='lat' dir='ltr'>inflam-</span> 
     </span>
     <span class='ocr_line' id='line_1_19' title="bbox 91 1275 1691 1332; baseline -0.001 -12"><span class='ocrx_word' id='word_1_178' title='bbox 91 1281 224 1320; x_wconf 77' lang='lat' dir='ltr'>mabile</span> <span class='ocrx_word' id='word_1_179' title='bbox 238 1279 467 1318; x_wconf 84' lang='lat' dir='ltr'>elementum</span> <span class='ocrx_word' id='word_1_180' title='bbox 488 1281 688 1330; x_wconf 84' lang='lat' dir='ltr'>plurimum</span> <span class='ocrx_word' id='word_1_181' title='bbox 714 1280 928 1318; x_wconf 80' lang='lat' dir='ltr'>contineant</span> <span class='ocrx_word' id='word_1_182' title='bbox 950 1275 1018 1332; x_wconf 77' lang='lat' dir='ltr'>(i),</span> <span class='ocrx_word' id='word_1_183' title='bbox 1044 1279 1228 1317; x_wconf 84' lang='lat' dir='ltr'>&amp;ferrum</span> <span class='ocrx_word' id='word_1_184' title='bbox 1257 1275 1328 1329; x_wconf 81' lang='grc' dir='ltr'>(ἰ),</span> <span class='ocrx_word' id='word_1_185' title='bbox 1346 1292 1421 1331; x_wconf 81' lang='lat' dir='ltr'>quo</span> <span class='ocrx_word' id='word_1_186' title='bbox 1437 1280 1592 1332; x_wconf 77' lang='lat' dir='ltr'>lympha</span> <span class='ocrx_word' id='word_1_187' title='bbox 1608 1281 1691 1330; x_wconf 83' lang='lat' dir='ltr'>(m)</span> 
     </span>
     <span class='ocr_line' id='line_1_20' title="bbox 90 1337 1693 1392; baseline 0 -16"><span class='ocrx_word' id='word_1_188' title='bbox 90 1351 187 1392; x_wconf 83' lang='lat' dir='ltr'>pene</span> <span class='ocrx_word' id='word_1_189' title='bbox 204 1346 280 1376; x_wconf 85' lang='lat' dir='ltr'>tota</span> <span class='ocrx_word' id='word_1_190' title='bbox 299 1346 406 1382; x_wconf 84' lang='lat' dir='ltr'>caret,</span> <span class='ocrx_word' id='word_1_191' title='bbox 425 1341 461 1376; x_wconf 64' lang='grc' dir='ltr'>ἃ</span> <span class='ocrx_word' id='word_1_192' title='bbox 485 1341 587 1388; x_wconf 86' lang='lat' dir='ltr'>cujus</span> <span class='ocrx_word' id='word_1_193' title='bbox 609 1339 787 1388; x_wconf 87' lang='lat' dir='ltr'>ejusmodi</span> <span class='ocrx_word' id='word_1_194' title='bbox 814 1337 962 1376; x_wconf 86' lang='lat' dir='ltr'>firmitas</span> <span class='ocrx_word' id='word_1_195' title='bbox 986 1339 1048 1382; x_wconf 85' lang='lat' dir='ltr'>est,</span> <span class='ocrx_word' id='word_1_196' title='bbox 1070 1351 1178 1388; x_wconf 88' lang='lat' dir='ltr'>quam</span> <span class='ocrx_word' id='word_1_197' title='bbox 1208 1339 1282 1376; x_wconf 89' lang='lat' dir='ltr'>leni</span> <span class='ocrx_word' id='word_1_198' title='bbox 1304 1340 1427 1378; x_wconf 85' lang='lat' dir='ltr'>calore</span> <span class='ocrx_word' id='word_1_199' title='bbox 1443 1340 1577 1379; x_wconf 74' lang='lat' dir='ltr'>destrui</span> <span class='ocrx_word' id='word_1_200' title='bbox 1593 1339 1693 1388; x_wconf 82' lang='lat' dir='ltr'>poffe</span> 
     </span>
     <span class='ocr_line' id='line_1_21' title="bbox 91 1398 1691 1451; baseline -0.001 -15"><span class='ocrx_word' id='word_1_201' title='bbox 91 1411 166 1436; x_wconf 84' lang='lat' dir='ltr'>non</span> <span class='ocrx_word' id='word_1_202' title='bbox 203 1399 332 1435; x_wconf 78' lang='lat' dir='ltr'>debeat</span> <span class='ocrx_word' id='word_1_203' title='bbox 368 1398 508 1448; x_wconf 80' lang='lat' dir='ltr'>sperari.</span> <span class='ocrx_word' id='word_1_204' title='bbox 554 1398 624 1436; x_wconf 88' lang='lat' dir='ltr'>Sed</span> <span class='ocrx_word' id='word_1_205' title='bbox 656 1399 754 1436; x_wconf 87' lang='lat' dir='ltr'>idem</span> <span class='ocrx_word' id='word_1_206' title='bbox 785 1398 897 1441; x_wconf 85' lang='lat' dir='ltr'>calor,</span> <span class='ocrx_word' id='word_1_207' title='bbox 930 1399 993 1447; x_wconf 88' lang='lat' dir='ltr'>qui</span> <span class='ocrx_word' id='word_1_208' title='bbox 1030 1409 1198 1436; x_wconf 83' lang='lat' dir='ltr'>cruorem</span> <span class='ocrx_word' id='word_1_209' title='bbox 1232 1400 1269 1435; x_wconf 83' lang='lat' dir='ltr'>in</span> <span class='ocrx_word' id='word_1_210' title='bbox 1299 1400 1488 1451; x_wconf 82' lang='lat' dir='ltr'>lympham</span> <span class='ocrx_word' id='word_1_211' title='bbox 1532 1398 1691 1441; x_wconf 89' lang='lat' dir='ltr'>resolvit,</span> 
     </span>
     <span class='ocr_line' id='line_1_22' title="bbox 90 1456 1695 1508; baseline -0.001 -13"><span class='ocrx_word' id='word_1_212' title='bbox 90 1459 199 1496; x_wconf 77' lang='lat' dir='ltr'>etiarn</span> <span class='ocrx_word' id='word_1_213' title='bbox 232 1457 427 1506; x_wconf 79' lang='lat' dir='ltr'>lympham</span> <span class='ocrx_word' id='word_1_214' title='bbox 459 1457 655 1501; x_wconf 85' lang='lat' dir='ltr'>adtenuat,</span> <span class='ocrx_word' id='word_1_215' title='bbox 696 1458 733 1496; x_wconf 63' lang='grc' dir='ltr'>ἃ</span> <span class='ocrx_word' id='word_1_216' title='bbox 776 1468 855 1494; x_wconf 85' lang='lat' dir='ltr'>eam</span> <span class='ocrx_word' id='word_1_217' title='bbox 902 1456 1065 1494; x_wconf 81' lang='lat' dir='ltr'>indolem</span> <span class='ocrx_word' id='word_1_218' title='bbox 1099 1456 1277 1502; x_wconf 82' lang='lat' dir='ltr'>destruit,</span> <span class='ocrx_word' id='word_1_219' title='bbox 1310 1466 1397 1508; x_wconf 60' lang='lat' dir='ltr'>‘quae</span> <span class='ocrx_word' id='word_1_220' title='bbox 1434 1470 1453 1495; x_wconf 86' lang='lat' dir='ltr'>a</span> <span class='ocrx_word' id='word_1_221' title='bbox 1493 1458 1695 1506; x_wconf 84' lang='lat' dir='ltr'>potentiori</span> 
     </span>
     <span class='ocr_line' id='line_1_23' title="bbox 91 1515 1696 1566; baseline -0.001 -13"><span class='ocrx_word' id='word_1_222' title='bbox 91 1517 262 1559; x_wconf 82' lang='lat' dir='ltr'>acore,&amp;</span> <span class='ocrx_word' id='word_1_223' title='bbox 298 1526 320 1552; x_wconf 86' lang='lat' dir='ltr'>a</span> <span class='ocrx_word' id='word_1_224' title='bbox 356 1517 430 1552; x_wconf 88' lang='lat' dir='ltr'>vini</span> <span class='ocrx_word' id='word_1_225' title='bbox 462 1516 587 1566; x_wconf 85' lang='lat' dir='ltr'>spiritu</span> <span class='ocrx_word' id='word_1_226' title='bbox 630 1517 798 1565; x_wconf 85' lang='lat' dir='ltr'>cogitur,</span> <span class='ocrx_word' id='word_1_227' title='bbox 832 1523 874 1553; x_wconf 89' lang='lat' dir='ltr'>ut</span> <span class='ocrx_word' id='word_1_228' title='bbox 906 1527 982 1553; x_wconf 86' lang='lat' dir='ltr'>non</span> <span class='ocrx_word' id='word_1_229' title='bbox 1011 1516 1202 1565; x_wconf 78' lang='lat' dir='ltr'>probabile</span> <span class='ocrx_word' id='word_1_230' title='bbox 1232 1515 1292 1560; x_wconf 86' lang='lat' dir='ltr'>fit,</span> <span class='ocrx_word' id='word_1_231' title='bbox 1328 1515 1597 1564; x_wconf 72' lang='lat' dir='ltr'>coagulabilem</span> <span class='ocrx_word' id='word_1_232' title='bbox 1633 1528 1696 1553; x_wconf 88' lang='lat' dir='ltr'>na-</span> 
     </span>
     <span class='ocr_line' id='line_1_24' title="bbox 93 1573 1691 1624; baseline 0 -12"><span class='ocrx_word' id='word_1_233' title='bbox 93 1583 210 1612; x_wconf 80' lang='lat' dir='ltr'>turam</span> <span class='ocrx_word' id='word_1_234' title='bbox 242 1576 279 1610; x_wconf 86' lang='lat' dir='ltr'>in</span> <span class='ocrx_word' id='word_1_235' title='bbox 308 1573 457 1623; x_wconf 85' lang='lat' dir='ltr'>lympha</span> <span class='ocrx_word' id='word_1_236' title='bbox 492 1574 665 1624; x_wconf 72' lang='lat' dir='ltr'>superesse</span> <span class='ocrx_word' id='word_1_237' title='bbox 690 1573 813 1623; x_wconf 79' lang='lat' dir='ltr'>posse,</span> <span class='ocrx_word' id='word_1_238' title='bbox 848 1574 873 1610; x_wconf 86' lang='lat' dir='ltr'><strong>fi</strong></span> <span class='ocrx_word' id='word_1_239' title='bbox 904 1577 941 1611; x_wconf 87' lang='lat' dir='ltr'>in</span> <span class='ocrx_word' id='word_1_240' title='bbox 976 1586 1055 1610; x_wconf 77' lang='lat' dir='ltr'>eam</span> <span class='ocrx_word' id='word_1_241' title='bbox 1098 1586 1208 1612; x_wconf 88' lang='lat' dir='ltr'>cruor</span> <span class='ocrx_word' id='word_1_242' title='bbox 1250 1574 1498 1613; x_wconf 77' lang='lat' dir='ltr'>contabuiffet.</span> <span class='ocrx_word' id='word_1_243' title='bbox 1542 1573 1691 1620; x_wconf 87' lang='lat' dir='ltr'>Quare,</span> 
     </span>
     <span class='ocr_line' id='line_1_25' title="bbox 93 1632 1695 1683; baseline 0.001 -14"><span class='ocrx_word' id='word_1_244' title='bbox 93 1636 237 1683; x_wconf 83' lang='lat' dir='ltr'>quoties</span> <span class='ocrx_word' id='word_1_245' title='bbox 274 1633 382 1669; x_wconf 88' lang='lat' dir='ltr'>ruber</span> <span class='ocrx_word' id='word_1_246' title='bbox 420 1632 601 1682; x_wconf 82' lang='lat' dir='ltr'>sanguinis</span> <span class='ocrx_word' id='word_1_247' title='bbox 639 1644 812 1681; x_wconf 88' lang='lat' dir='ltr'>grumus,</span> <span class='ocrx_word' id='word_1_248' title='bbox 846 1634 884 1670; x_wconf 87' lang='lat' dir='ltr'>in</span> <span class='ocrx_word' id='word_1_249' title='bbox 922 1632 1053 1670; x_wconf 73' lang='lat' dir='ltr'>ssavum</span> <span class='ocrx_word' id='word_1_250' title='bbox 1086 1633 1270 1683; x_wconf 81' lang='lat' dir='ltr'>liquamen</span> <span class='ocrx_word' id='word_1_251' title='bbox 1301 1634 1457 1681; x_wconf 81' lang='lat' dir='ltr'>diffluit,</span> <span class='ocrx_word' id='word_1_252' title='bbox 1484 1633 1540 1672; x_wconf 87' lang='lat' dir='ltr'>vel</span> <span class='ocrx_word' id='word_1_253' title='bbox 1575 1634 1695 1671; x_wconf 86' lang='lat' dir='ltr'>omni·</span> 
     </span>
     <span class='ocr_line' id='line_1_26' title="bbox 92 1691 1696 1742; baseline 0.001 -14"><span class='ocrx_word' id='word_1_254' title='bbox 92 1703 143 1729; x_wconf 85' lang='lat' dir='ltr'>no</span> <span class='ocrx_word' id='word_1_255' title='bbox 185 1691 426 1741; x_wconf 84' lang='lat' dir='ltr'>globulorum</span> <span class='ocrx_word' id='word_1_256' title='bbox 463 1693 580 1730; x_wconf 90' lang='lat' dir='ltr'>moles</span> <span class='ocrx_word' id='word_1_257' title='bbox 620 1691 859 1734; x_wconf 88' lang='lat' dir='ltr'>diminuitur,</span> <span class='ocrx_word' id='word_1_258' title='bbox 903 1698 943 1729; x_wconf 87' lang='lat' dir='ltr'>ut</span> <span class='ocrx_word' id='word_1_259' title='bbox 982 1703 1095 1740; x_wconf 88' lang='lat' dir='ltr'>porro</span> <span class='ocrx_word' id='word_1_260' title='bbox 1141 1693 1177 1729; x_wconf 68' lang='lat'>8&lt;</span> <span class='ocrx_word' id='word_1_261' title='bbox 1219 1702 1356 1730; x_wconf 80' lang='lat' dir='ltr'>armato</span> <span class='ocrx_word' id='word_1_262' title='bbox 1392 1692 1504 1730; x_wconf 88' lang='lat' dir='ltr'>oculo</span> <span class='ocrx_word' id='word_1_263' title='bbox 1546 1694 1696 1742; x_wconf 80' lang='lat' dir='ltr'>propria</span> 
     </span>
     <span class='ocr_line' id='line_1_27' title="bbox 95 1749 1697 1802; baseline 0 -14"><span class='ocrx_word' id='word_1_264' title='bbox 95 1751 266 1789; x_wconf 74' lang='lat' dir='ltr'>subtilitas</span> <span class='ocrx_word' id='word_1_265' title='bbox 306 1761 369 1788; x_wconf 88' lang='lat' dir='ltr'>eos</span> <span class='ocrx_word' id='word_1_266' title='bbox 403 1750 577 1802; x_wconf 85' lang='lat' dir='ltr'>subripiat</span> <span class='ocrx_word' id='word_1_267' title='bbox 605 1750 712 1801; x_wconf 83' lang='lat' dir='ltr'>(n)3</span> <span class='ocrx_word' id='word_1_268' title='bbox 750 1756 811 1789; x_wconf 85' lang='lat' dir='ltr'>aut</span> <span class='ocrx_word' id='word_1_269' title='bbox 859 1749 1082 1800; x_wconf 56' lang='lat' dir='ltr'>firmandus,</span> <span class='ocrx_word' id='word_1_270' title='bbox 1129 1762 1277 1800; x_wconf 69' lang='lat' dir='ltr'>grunius</span> <span class='ocrx_word' id='word_1_271' title='bbox 1316 1753 1425 1791; x_wconf 82' lang='lat' dir='ltr'>ruber</span> <span class='ocrx_word' id='word_1_272' title='bbox 1462 1752 1579 1790; x_wconf 86' lang='lat' dir='ltr'>serum</span> <span class='ocrx_word' id='word_1_273' title='bbox 1617 1752 1697 1802; x_wconf 82' lang='lat' dir='ltr'>qui-</span> 
     </span>
    </p>

    <p class='ocr_par' dir='ltr' id='par_1_4' title="bbox 986 1807 1699 1849">
     <span class='ocr_line' id='line_1_28' title="bbox 986 1807 1699 1849; baseline 0 -2"><span class='ocrx_word' id='word_1_274' title='bbox 986 1807 1004 1846; x_wconf 91' lang='grc' dir='ltr'>Ι</span> <span class='ocrx_word' id='word_1_275' title='bbox 1042 1820 1064 1849; x_wconf 84' lang='lat'><strong>2</strong></span> <span class='ocrx_word' id='word_1_276' title='bbox 1615 1810 1699 1849; x_wconf 85' lang='lat' dir='ltr'>dem</span> 
     </span>
    </p>
   </div>
   <div class='ocr_carea' id='block_1_3' title="bbox 212 2006 291 2043">
    <p class='ocr_par' dir='ltr' id='par_1_5' title="bbox 212 2006 291 2043">
     <span class='ocr_line' id='line_1_29' title="bbox 212 2006 245 2043; textangle 90"><span class='ocrx_word' id='word_1_277' title='bbox 212 2006 245 2043; x_wconf 67' lang='grc' dir='ltr'><em>Ξ</em></span> 
     </span>
     <span class='ocr_line' id='line_1_30' title="bbox 266 2009 291 2037; textangle 90"><span class='ocrx_word' id='word_1_278' title='bbox 266 2009 291 2037; x_wconf 66' lang='grc' dir='ltr'>ἠ</span> 
     </span>
    </p>
   </div>
   <div class='ocr_carea' id='block_1_4' title="bbox 200 2007 712 2126">
    <p class='ocr_par' dir='ltr' id='par_1_6' title="bbox 200 2007 712 2126">
     <span class='ocr_line' id='line_1_31' title="bbox 280 2007 712 2044; baseline 0 -8"><span class='ocrx_word' id='word_1_279' title='bbox 280 2013 335 2044; x_wconf 44' lang='lat' dir='ltr'>ixp.</span> <span class='ocrx_word' id='word_1_280' title='bbox 358 2012 424 2035; x_wconf 79' lang='lat'>160.</span> <span class='ocrx_word' id='word_1_281' title='bbox 447 2008 556 2044; x_wconf 82' lang='lat' dir='ltr'>161.p.</span> <span class='ocrx_word' id='word_1_282' title='bbox 574 2011 642 2043; x_wconf 83' lang='lat'>303.</span> <span class='ocrx_word' id='word_1_283' title='bbox 657 2007 712 2036; x_wconf 54' lang='lat' dir='ltr'>&amp;a</span> 
     </span>
     <span class='ocr_line' id='line_1_32' title="bbox 260 2057 424 2086; baseline 0.006 -11"><span class='ocrx_word' id='word_1_284' title='bbox 260 2058 289 2086; x_wconf 80' lang='lat' dir='ltr'>p.</span> <span class='ocrx_word' id='word_1_285' title='bbox 324 2057 370 2076; x_wconf 87' lang='lat'>20.</span> <span class='ocrx_word' id='word_1_286' title='bbox 420 2080 424 2082; x_wconf 47' lang='grc'>,</span> 
     </span>
     <span class='ocr_line' id='line_1_33' title="bbox 200 2086 522 2126; baseline -0.003 -9"><span class='ocrx_word' id='word_1_287' title='bbox 200 2086 221 2125; x_wconf 64' lang='lat' dir='ltr'><em>s</em></span> <span class='ocrx_word' id='word_1_288' title='bbox 260 2090 320 2118; x_wconf 60' lang='lat' dir='ltr'>rc.</span> <span class='ocrx_word' id='word_1_289' title='bbox 337 2098 364 2126; x_wconf 75' lang='lat' dir='ltr'>p.</span> <span class='ocrx_word' id='word_1_290' title='bbox 390 2097 434 2122; x_wconf 88' lang='lat'>13.</span> <span class='ocrx_word' id='word_1_291' title='bbox 456 2086 522 2125; x_wconf 42' lang='grc' dir='ltr'>ις(</span> 
     </span>
    </p>
   </div>
   <div class='ocr_carea' id='block_1_5' title="bbox 98 2169 1701 2413">
    <p class='ocr_par' dir='ltr' id='par_1_7' title="bbox 200 2169 756 2247">
     <span class='ocr_line' id='line_1_34' title="bbox 204 2169 756 2209; baseline 0.002 -12"><span class='ocrx_word' id='word_1_292' title='bbox 204 2170 248 2206; x_wconf 79' lang='lat' dir='ltr'>h)</span> <span class='ocrx_word' id='word_1_293' title='bbox 272 2173 315 2199; x_wconf 73' lang='lat' dir='ltr'>De</span> <span class='ocrx_word' id='word_1_294' title='bbox 337 2169 433 2198; x_wconf 75' lang='lat' dir='ltr'>morbo</span> <span class='ocrx_word' id='word_1_295' title='bbox 458 2170 616 2200; x_wconf 75' lang='lat' dir='ltr'>Naronimz.</span> <span class='ocrx_word' id='word_1_296' title='bbox 639 2180 671 2209; x_wconf 80' lang='lat' dir='ltr'>p.</span> <span class='ocrx_word' id='word_1_297' title='bbox 690 2179 756 2205; x_wconf 68' lang='lat'>104.</span> 
     </span>
     <span class='ocr_line' id='line_1_35' title="bbox 200 2208 544 2247; baseline 0.003 -10"><span class='ocrx_word' id='word_1_298' title='bbox 200 2209 231 2244; x_wconf 80' lang='lat' dir='ltr'>i)</span> <span class='ocrx_word' id='word_1_299' title='bbox 253 2209 331 2240; x_wconf 60' lang='lat' dir='ltr'>sedi.</span> <span class='ocrx_word' id='word_1_300' title='bbox 355 2208 436 2240; x_wconf 83' lang='lat' dir='ltr'>istius</span> <span class='ocrx_word' id='word_1_301' title='bbox 452 2220 480 2239; x_wconf 87' lang='lat' dir='ltr'>n.</span> <span class='ocrx_word' id='word_1_302' title='bbox 500 2215 544 2247; x_wconf 84' lang='lat'>38.</span> 
     </span>
    </p>

    <p class='ocr_par' dir='ltr' id='par_1_8' title="bbox 179 2250 570 2287">
     <span class='ocr_line' id='line_1_36' title="bbox 179 2250 570 2287; baseline 0.003 -8"><span class='ocrx_word' id='word_1_303' title='bbox 179 2250 237 2283; x_wconf 88' lang='lat' dir='ltr'>(l)</span> <span class='ocrx_word' id='word_1_304' title='bbox 262 2250 340 2281; x_wconf 66' lang='lat' dir='ltr'>Sest.</span> <span class='ocrx_word' id='word_1_305' title='bbox 369 2250 450 2280; x_wconf 79' lang='lat' dir='ltr'>istius</span> <span class='ocrx_word' id='word_1_306' title='bbox 479 2260 570 2287; x_wconf 85' lang='lat' dir='ltr'>n.43.</span> 
     </span>
    </p>

    <p class='ocr_par' dir='ltr' id='par_1_9' title="bbox 179 2291 1511 2332">
     <span class='ocr_line' id='line_1_37' title="bbox 179 2291 1511 2332; baseline 0.002 -15"><span class='ocrx_word' id='word_1_307' title='bbox 179 2291 258 2327; x_wconf 72' lang='lat' dir='ltr'>(m)</span> <span class='ocrx_word' id='word_1_308' title='bbox 281 2291 359 2322; x_wconf 76' lang='lat' dir='ltr'>Sect.</span> <span class='ocrx_word' id='word_1_309' title='bbox 388 2291 449 2322; x_wconf 86' lang='lat' dir='ltr'>III.</span> <span class='ocrx_word' id='word_1_310' title='bbox 475 2300 505 2321; x_wconf 84' lang='lat' dir='ltr'>n.</span> <span class='ocrx_word' id='word_1_311' title='bbox 522 2297 548 2322; x_wconf 89' lang='lat'>8.</span> <span class='ocrx_word' id='word_1_312' title='bbox 609 2294 614 2295; x_wconf 46' lang='lat'><em>⁷</em></span> <span class='ocrx_word' id='word_1_313' title='bbox 1342 2327 1347 2332; x_wconf 88' lang='lat'>.</span> <span class='ocrx_word' id='word_1_314' title='bbox 1505 2327 1511 2332; x_wconf 76' lang='lat'><em>.</em></span> 
     </span>
    </p>

    <p class='ocr_par' dir='ltr' id='par_1_10' title="bbox 98 2326 1701 2413">
     <span class='ocr_line' id='line_1_38' title="bbox 178 2326 1701 2374; baseline -0.003 -10"><span class='ocrx_word' id='word_1_315' title='bbox 178 2331 249 2364; x_wconf 62' lang='grc' dir='ltr'>(π)</span> <span class='ocrx_word' id='word_1_316' title='bbox 271 2331 412 2362; x_wconf 77' lang='lat' dir='ltr'>Theoria</span> <span class='ocrx_word' id='word_1_317' title='bbox 434 2331 475 2362; x_wconf 83' lang='lat' dir='ltr'>est</span> <span class='ocrx_word' id='word_1_318' title='bbox 500 2333 543 2364; x_wconf 85' lang='lat' dir='ltr'>lll.</span> <span class='ocrx_word' id='word_1_319' title='bbox 571 2331 682 2363; x_wconf 67' lang='lat' dir='ltr'>SENA</span> <span class='ocrx_word' id='word_1_320' title='bbox 699 2344 715 2363; x_wconf 84' lang='lat' dir='ltr'>c</span> <span class='ocrx_word' id='word_1_321' title='bbox 729 2344 740 2363; x_wconf 84' lang='lat'>1</span> <span class='ocrx_word' id='word_1_322' title='bbox 754 2354 762 2368; x_wconf 90' lang='lat'>‚</span> <span class='ocrx_word' id='word_1_323' title='bbox 794 2330 834 2362; x_wconf 89' lang='lat' dir='ltr'>T.</span> <span class='ocrx_word' id='word_1_324' title='bbox 867 2331 910 2361; x_wconf 90' lang='lat' dir='ltr'>II.</span> <span class='ocrx_word' id='word_1_325' title='bbox 943 2341 972 2371; x_wconf 81' lang='lat' dir='ltr'>p.</span> <span class='ocrx_word' id='word_1_326' title='bbox 1011 2331 1080 2362; x_wconf 84' lang='lat'><em>666.</em></span> <span class='ocrx_word' id='word_1_327' title='bbox 1119 2330 1214 2362; x_wconf 78' lang='lat' dir='ltr'>etiam</span> <span class='ocrx_word' id='word_1_328' title='bbox 1247 2333 1458 2374; x_wconf 50' lang='lat' dir='ltr'>experimento</span> <span class='ocrx_word' id='word_1_329' title='bbox 1481 2337 1565 2374; x_wconf 51' lang='lat' dir='ltr'>nixa:</span> <span class='ocrx_word' id='word_1_330' title='bbox 1598 2326 1701 2360; x_wconf 77' lang='lat' dir='ltr'>Etiam</span> 
     </span>
     <span class='ocr_line' id='line_1_39' title="bbox 98 2369 1611 2413; baseline 0 -12"><span class='ocrx_word' id='word_1_331' title='bbox 98 2371 158 2401; x_wconf 74' lang='lat' dir='ltr'>sale</span> <span class='ocrx_word' id='word_1_332' title='bbox 182 2371 308 2404; x_wconf 66' lang='lat' dir='ltr'>corticis</span> <span class='ocrx_word' id='word_1_333' title='bbox 330 2372 490 2411; x_wconf 78' lang='lat' dir='ltr'>peruviani</span> <span class='ocrx_word' id='word_1_334' title='bbox 512 2373 642 2405; x_wconf 80' lang='lat' dir='ltr'>admisto</span> <span class='ocrx_word' id='word_1_335' title='bbox 667 2373 711 2406; x_wconf 73' lang='lat' dir='ltr'>ita</span> <span class='ocrx_word' id='word_1_336' title='bbox 732 2379 952 2412; x_wconf 74' lang='lat' dir='ltr'>extenuantur,</span> <span class='ocrx_word' id='word_1_337' title='bbox 974 2379 1008 2405; x_wconf 83' lang='lat' dir='ltr'>ut</span> <span class='ocrx_word' id='word_1_338' title='bbox 1031 2381 1125 2413; x_wconf 80' lang='lat' dir='ltr'>porro</span> <span class='ocrx_word' id='word_1_339' title='bbox 1152 2371 1251 2405; x_wconf 68' lang='lat' dir='ltr'>oculis</span> <span class='ocrx_word' id='word_1_340' title='bbox 1269 2379 1384 2411; x_wconf 74' lang='lat' dir='ltr'>perclpl</span> <span class='ocrx_word' id='word_1_341' title='bbox 1406 2378 1470 2402; x_wconf 81' lang='lat' dir='ltr'>uon</span> <span class='ocrx_word' id='word_1_342' title='bbox 1491 2369 1611 2409; x_wconf 71' lang='lat' dir='ltr'>possint.</span> 
     </span>
    </p>
   </div>
  </div>
 </body>
</html>
