1968 2706
406 176 917 222 DIVERSITATIS
978 176 1365 221 HUMORUM
1639 188 1735 237 -445

115 287 190 321 tera
213 275 364 317 densum
383 307 393 321 ,
424 278 500 317 fere
525 278 665 328 semper
706 283 925 327 perrumpat.
984 275 1054 314 Sed
1082 278 1192 315 etiam
1222 277 1282 315 alii
1309 276 1482 314 humores
1513 275 1637 315 viscidi
1662 278 1734 328 pli.·

112 352 175 379 cas
202 340 278 377 suas
301 337 425 387 paffim
449 338 608 386 habent,
629 344 669 375 ut
686 337 767 375 bilis
787 339 823 375 in
849 337 984 387 cystico
1007 336 1121 375 dudlu'
1137 338 1304 384 repetitas
1328 335 1403 373 illas
1427 334 1603 373 flexiones
1634 335 1728 387 (s),

116 399 249 450 quibus
271 399 393 435 cervix
413 396 579 443 vesiculae
606 402 883 446 contorquetur.
937 395 1050 434 Lastis
1076 397 1184 434 etiam
1213 396 1332 433 tubuli
1361 396 1445 434 solis
1481 394 1584 446 plicis
1609 396 1658 443 (t
1684 394 1699 443 )
1725 397 1740 443 ’,Ἴ

118 460 154 496 in
183 469 272 508 quas
301 458 340 494 in
354 457 487 507 papilla
510 457 628 494 laxata
644 455 898 500 collabuntur,
926 456 976 494 ita
1003 456 1248 500 clauduntur,
1265 462 1306 493 ut
1332 455 1447 504 longe
1484 454 1701 505 plerumque
1717 482 1731 506 ,

118 517 210 555 nihil
240 527 287 554 ex
312 515 522 564 pleniffimis
551 516 719 554 mammiS
744 516 889 559 effluat,
915 514 1037 553 donec
1053 516 1208 553 irritatio
1235 514 1442 557 accesserit,
1470 513 1508 550 δι
1529 515 1625 553 viam
1654 527 1733 567 rec-5

119 585 193 616 tam
215 577 406 625 aperuerit.
445 575 620 617 ,Sebacei
642 574 897 627 palpebrarum
927 575 1067 613 canales
1098 575 1260 626 repetito
1288 572 1495 612 fleoluntur.

203 634 434 674 Internarum
453 635 632 686 plicarum
647 636 859 687 exemplum
874 637 914 673 in
937 636 1002 673 viis
1018 635 1099 673 bilis
1122 636 1172 673 est
1190 663 1200 678 ‚
1222 647 1375 684 quarum
1393 641 1491 672 totus
1516 635 1647 673 canalis
1662 647 1735 675 un-

119 695 231 744 dique
257 695 450 734 reticulato
474 706 588 746 opere
615 694 846 748 exasperatur
874 694 963 749 (u)
979 721 992 741 ‚
1017 696 1172 746 cysticus
1205 706 1294 732 vero
1319 695 1444 733 duetus
1471 694 1563 732 adeo
1592 695 1684 733 arste
1714 707 1737 736 a

119 753 292 793 cellulosa
317 755 388 794 tela
414 756 453 793 in
483 756 697 793 brevitatem
722 754 912 805 colligitur
927 782 939 801 ‚
961 762 1004 794 ut
1023 756 1244 794 membranae
1268 756 1307 792 in
1331 755 1501 793 tubulum
1518 756 1732 800 emineant,

119 826 209 863 quas
236 826 305 864 pro
327 815 478 853 valvulis
499 815 629 853 habeas
657 811 744 864 (x)
762 845 772 861 ,
794 816 831 854 δι
858 827 939 866 quae
961 822 1083 853 totum
1116 826 1213 865 pene
1241 812 1406 853 canalem
1437 815 1611 862 repleant.
1673 815 1734 863 In·
1800 828 1807 831 ·

114 874 241 912 testina
255 874 411 914 valvulas
423 875 557 914 habent
571 900 582 920 ‚
601 874 890 925 humoremque,
909 876 972 925 qui
996 887 1044 913 ex
1061 887 1098 913 ea
1119 875 1294 913 fluiditate
1307 904 1317 919 ‚
1337 886 1416 924 quae
1435 876 1474 912 in
1495 876 1663 912 tenuibus
1678 876 1733 913 in-

120 933 255 972 testinis
286 933 353 984 ipsi
377 937 540 975 maxima
566 935 638 980 est,
680 937 716 974 in
741 934 928 975 craffitiem
951 935 988 974 &
1013 934 1209 973 siccitatem
1235 934 1474 978 addensatur,
1501 945 1582 984 quae
1601 933 1741 981 norim-j

120 1004 180 1031 ma
209 995 270 1032 est.

218 1053 361 1091 Durius
388 1054 646 1105 epididymidis
671 1053 830 1098 latescit,
857 1054 947 1093 dum
962 1056 1003 1093 in
1026 1054 1250 1093 deferentem
1279 1053 1380 1099 abit,
1401 1052 1569 1091 deferens
1595 1053 1668 1105 ipse
1700 1055 1739 1091 in

123 1110 270 1150 cellulas
301 1113 440 1151 laxatur
463 1115 544 1165 (y)
588 1116 913 1165 contortuplicatas
941 1141 954 1159 ‚
985 1115 1074 1153 hinc
1106 1116 1227 1153 semen
1264 1116 1375 1154 etiam
1403 1114 1537 1164 absque
1571 1113 1738 1163 veficul-is

121 1172 308 1210 viseldum.
353 1171 539 1212 Folliculis
568 1175 762 1224 proprium
784 1175 912 1213 locum
939 1174 1168 1213 destinamus,

456 1296 489 1340 §—
527 1290 634 1331 XIV.
686 1286 767 1332 VI.
800 1289 1069 1348 Recc’Ptacula
1096 1289 1154 1341 ἶς’
1183 1288 1377 1333 folliculi.

211 1411 506 1462 Frequentiffime
533 1412 609 1450 hoc
638 1411 886 1453 mechanismo
900 1421 1025 1454 natura
1048 1412 1189 1461 utitur,
1205 1420 1247 1454 ut
1277 1413 1471 1451 humorem
1490 1410 1666 1449 secretum
1687 1421 1743 1449 re-

122 1471 262 1516 tineat,
292 1471 474 1523 perficiat,
497 1471 676 1522 inspiffet,
711 1473 754 1512 ad
780 1468 975 1513 destinatos
1001 1474 1081 1513 usus
1120 1479 1375 1522 contemperet
1400 1501 1410 1515 ,
1439 1467 1603 1520 legitima
1636 1480 1744 1508 occa-

126 1530 227 1569 fione
261 1531 436 1569 effundat.
489 1531 641 1571 Varium
661 1534 978 1584 receptaculorum
1000 1546 1118 1584 genus
1148 1536 1197 1573 est
1212 1564 1223 1579 ,
1250 1531 1422 1583 grandius
1443 1531 1619 1574 alterum,
1640 1525 1742 1580 quod

128 1590 173 1628 ad
201 1591 484 1629 instrumentum
511 1593 719 1631 secretionis
749 1606 825 1632 non
855 1602 1095 1640 numeratur,
1123 1595 1275 1634 alterurn
1307 1592 1506 1634 minutius,
1539 1592 1639 1641 quod
1657 1599 1743 1638 pro-

128 1652 208 1702 pius
230 1651 274 1688 ad
303 1650 494 1690 secretoria
514 1664 650 1702 organa
675 1654 863 1703 pertineat.
925 1654 1027 1693 Inter
1055 1654 1204 1704 grandia
1231 1651 1460 1702 receptacula
1486 1651 1568 1689 sunt
1601 1649 1745 1688 intesti-

127 1721 175 1746 na
200 1722 270 1759 pro
293 1709 386 1753 bile,
421 1723 490 1761 pro
516 1711 626 1752 succo
659 1713 872 1758 intestinali,
900 1727 969 1765 pro
992 1714 1097 1753 massa
1121 1715 1251 1753 cibaria
1269 1740 1281 1758 ‚
1302 1724 1370 1764 pro
1405 1711 1513 1750 saliva
1549 1712 1641 1748 varia
1661 1719 1744 1747 :ve-

128 1767 237 1807 ficula
254 1768 356 1819 ,fellis
382 1782 452 1821 pro
476 1771 569 1815 bile,
601 1773 638 1809 δε
664 1785 777 1811 muco
804 1786 812 1811 :
851 1775 964 1813 vesica
991 1776 1146 1812 urinaria
1178 1786 1247 1823 pro
1275 1773 1397 1810 lotio:
1429 1769 1574 1810 cellulae
1619 1768 1745 1807 dustus

130 1827 324 1865 deferentis
355 1830 391 1865 &
419 1829 582 1867 veficulae
608 1831 827 1878 seminales,
855 1846 925 1882 pro
950 1834 1093 1872 testium
1125 1833 1331 1882 spermate:
1366 1842 1482 1867 caveae
1520 1827 1748 1866 articulatio-

131 1897 222 1924 num
248 1886 286 1923 &
312 1888 523 1935 vaginarum
546 1889 818 1928 tendinosarum
851 1902 919 1940 pro
945 1891 1132 1928 albumine
1159 1885 1340 1929 articulari
1369 1901 1377 1924 :
1411 1887 1505 1926 finus
1535 1886 1709 1936 pituitarii
1730 1889 1750 1930 ,”

130 1944 325 1984 ventriculi
352 1946 510 1995 laryngis
533 1959 602 1997 pro
627 1960 739 1986 muco
764 1958 775 1987 ε
801 1947 903 1987 uteri
927 1961 1033 1989 cavea
1053 1961 1122 1999 pro
1150 1950 1292 1988 uterino
1317 1947 1423 1993 serog
1454 1947 1548 1986 finus
1575 1943 1749 1984 valvulofi

97 2019 101 2022 ·
127 2005 179 2043 ⁴ad
201 2005 352 2043 orientis
381 2007 520 2054 vaginae
552 2008 684 2051 latera,
709 2020 778 2059 pro
807 2011 906 2047 muci
932 2010 1089 2060 propriis
1113 2009 1307 2054 fontibus3
1338 2007 1490 2057 capsulae
1514 2005 1650 2045 renales
1677 2015 1747 2056 pro

133 2064 197 2102 suo
230 2064 342 2102 rubro
376 2064 591 2105 flavescente
613 2066 801 2106 humore:
826 2075 1015 2119 utcunque
1041 2070 1152 2108 etiam
1188 2068 1289 2107 oculi
1328 2068 1462 2106 cavitas
1504 2066 1588 2105 hinc
1620 2075 1752 2111 concaq

132 2134 178 2171 va
208 2135 367 2169 cornea.
396 2125 482 2164 inde
501 2138 669 2168 convexa
702 2126 799 2166 lente
819 2129 1018 2178 crystallina
1043 2131 1268 2179 intercepta,
1295 2140 1366 2181 pro
1388 2127 1545 2168 humore
1569 2135 1699 2177 aqueo·

1045 2187 1081 2228 Κ
1107 2188 1132 2230 1<
1147 2188 1173 2226 k
1223 2198 1245 2242 3
1601 2184 1750 2224 Minora

221 2299 238 2333 (
250 2297 287 2336 ς)
308 2300 400 2331 Prim.
428 2300 477 2331 lin.
494 2301 605 2341 physici.
626 2315 662 2337 n.
689 2310 759 2337 688.
1376 2271 1395 2289 ⁹

219 2339 284 2376 (t)
315 2340 437 2389 Fra-leel.
458 2345 574 2389 pamm.
599 2346 699 2385 Boerh,
724 2345 766 2380 Τ.
784 2343 826 2383 V.
851 2347 885 2380 P.
919 2344 943 2380 Ῑ.
964 2356 1000 2387 p·
1019 2357 1088 2386 427.
1117 2347 1208 2382 Prim·
1225 2345 1275 2382 lin.
1298 2354 1330 2379 n·
1355 2347 1427 2382 3505

218 2381 238 2456 ἓ
247 2382 420 2458 afe›)1bPir5m.
441 2384 493 2416 Im.
519 2385 539 2417 1.
554 2395 588 2426 ε.-

221 2462 291 2502 (y)
314 2461 391 2498 lbid.
414 2475 444 2498 u.
468 2470 538 2506 ⁷⁸3-
