1968 2706
452 158 697 200 MOTUS
760 154 1319 197 PROGRESSIVUS.
1623 167 1699 206 185)

435 285 468 328 5.
515 279 650 320 XXV.
702 272 813 317 Aliae
842 272 965 332 causae
989 273 1283 318 retardationis.

381 393 611 455 Rcsstentz‘a
637 408 754 454 quam
765 392 929 453 fiznguz's
955 394 994 439 in
1017 395 1136 440 ramis
1165 394 1374 453 experitur.

175 523 266 561 Sunt
291 528 417 571 praeter
443 520 506 558 has
532 519 792 567 conditiones,
817 520 1048 560 velocitatem
1071 518 1330 569 primigeniam
1360 517 1605 561 destruentes,
1625 517 1699 555 ani-

86 590 187 620 mato
210 583 356 633 corpori
385 581 646 621 &inanimatis
677 580 774 618 tubis
800 591 1018 618 communes
1042 604 1054 623 ,
1083 580 1210 630 aliquae
1228 607 1237 622 ,
1271 590 1350 629 quae
1377 578 1526 630 corpori
1556 576 1701 615 animali

86 641 282 691 peculiares
316 642 405 678 sunt.
449 639 504 679 Ita
538 640 611 690 ipsa
635 640 784 691 repetita
812 651 997 678 ramorum
1024 640 1060 678 in
1092 640 1238 677 animali
1266 636 1392 676 divisio
1412 663 1424 681 ‚
1451 637 1704 675 retardationis

85 712 200 750 genus
227 699 338 739 efficit
355 727 366 744 ,
394 702 496 748 cujus
524 707 625 737 extra
647 699 779 737 animal
812 700 979 749 exempla
994 697 1181 738 rara'sunt.
1229 697 1391 737 Minime
1422 698 1522 734 enim
1548 696 1703 735 dubium

88 760 160 803 est,
192 761 280 809 quin
308 760 492 798 frictiones
520 771 707 797 ramorum
734 758 955 797 celeritatem
983 760 1151 796 minuant
1170 788 1179 802 ‚
1212 770 1282 808 qua
1309 756 1430 795 trunci
1454 756 1596 804 sanguis
1623 768 1704 794 eva-

85 826 243 865 cuatur3
282 832 465 857 ramorum
494 821 591 857 enim
625 817 729 867 plicae
751 816 912 856 efficiunt
938 848 947 862 ‚
976 819 1079 868 quod
1111 817 1270 857 efficeret
1299 828 1378 867 pars
1416 816 1564 852 luminis
1587 814 1702 853 clausa

86 874 179 928 (l).
215 878 310 917 Nam
329 909 337 923 ,
363 887 402 918 ut
433 879 545 917 semel
577 887 764 927 repetam,
791 887 924 928 quanta
954 879 1128 927 portione
1151 879 1272 915 trunci
1306 876 1467 915 celeritas
1496 887 1562 924 per
1584 887 1704 913 ramos

85 940 263 976 minuitur
280 964 291 986 ‚
319 946 416 977 tanta
439 940 563 990 portio
589 937 736 975 luminis
760 939 878 975 trunci
905 938 1024 987 potest
1044 949 1112 987 pro
1133 937 1248 976 clausa
1276 937 1412 974 haberi.
1452 934 1523 972 Sed
1546 946 1586 972 ea
1607 934 1704 984 quast

87 999 272 1036 obturatio
300 1006 443 1036 motum
461 996 724 1049 progreffivum
753 997 933 1041 retardat,
952 997 986 1034 &
1011 999 1047 1033 in
1067 997 1251 1035 lateralem
1274 994 1494 1046 preffionem
1509 995 1702 1032 convertit.

84 1057 253 1095 Truncus
266 1057 428 1095 ramosus
448 1086 457 1100 ‚
482 1069 568 1094 curn
586 1068 664 1094 uno
684 1068 786 1093 ramo
801 1061 932 1105 ‘aperto
953 1057 1054 1095 dedit
1069 1059 1191 1096 uncias
1206 1068 1307 1107 aquae
1337 1064 1397 1109 29
1425 1065 1511 1093 c-um
1526 1053 1697 1096 dimidia5

86 1117 257 1156 omnibus
280 1118 411 1168 apertis
440 1117 563 1155 uncias
600 1123 656 1161 36
687 1127 771 1153 cum
801 1110 825 1162 ἔ
860 1110 983 1165 (l*)

599 1240 632 1283 §-
678 1234 832 1275 XXVI.
895 1229 1180 1291 Ancstomofi's.

172 1353 392 1394 Arteriarum
419 1354 659 1393 anastomoses
691 1354 862 1393 haetenus
892 1355 1073 1405 sanguinis
1100 1361 1247 1394 motum
1286 1353 1457 1402 adJ'uvant
1477 1380 1489 1397 ,
1518 1351 1621 1403 q'uod
1646 1363 1708 1401 pea

86 1412 245 1452 ticulum
277 1413 565 1452 obstrustionum
594 1415 762 1452 minuant
795 1443 805 1458 ,
842 1423 1014 1452 caeterum
1046 1427 1123 1452 non
1163 1413 1311 1466 poli'unt
1348 1425 1425 1450 non
1455 1414 1550 1451 inter
1589 1411 1708 1449 causas

89 1472 184 1517 effe,
213 1487 291 1524 quae
326 1473 509 1523 sanguinis
547 1474 769 1512 celeritatem
795 1476 981 1513 minuunt.
1027 1473 1225 1524 Saepiffime
1248 1474 1345 1511 enim
1370 1498 1381 1519 ‚
1407 1473 1516 1509 etiarn
1553 1473 1708 1518 majores

91 1534 247 1576 arteriae,
278 1535 462 1571 contrario
483 1534 638 1583 perferre
673 1534 779 1570 ductu
801 1534 864 1570 fibi
884 1542 1085 1572 occurrunt
1111 1563 1121 1577 ,
1150 1532 1261 1583 inque
1293 1533 1442 1571 unicum
1476 1531 1642 1569 canalem
1672 1541 1706 1567 a-

90 1592 229 1635 beunt,
259 1594 360 1640 cujus
391 1593 469 1631 duae
510 1593 591 1630 sunt
627 1589 831 1641 sanguineae
873 1594 1060 1632 columnae
1090 1620 1101 1642 ,
1127 1600 1280 1643 utraque
1312 1605 1329 1630 a
1361 1590 1473 1629 corde
1508 1589 1665 1640 projecta
1691 1617 1703 1634 ,

89 1663 170 1700 quae
194 1652 232 1687 in
262 1651 385 1689 medio
418 1664 502 1690 arcu
521 1654 709 1690 contrariae
730 1650 793 1688 fibi
821 1653 1048 1691 obnituntur.
1113 1652 1165 1690 Ita
1197 1654 1232 1691 in
1260 1652 1394 1689 arteriis
1429 1650 1671 1687 mesentericis
1688 1676 1698 1690 .

89 1709 341 1755 mesocolicis‚
373 1709 525 1748 Willisii
555 1712 717 1755 circulo,
745 1714 881 1749 arteriis
913 1708 1182 1750 recurrentibus
1211 1712 1347 1754 cubiti.
1373 1710 1567 1759 ulnaeque,
1605 1716 1702 1746 arte-

90 1770 150 1807 riis
179 1769 398 1819 epigastricis
426 1772 460 1807 δι
486 1772 729 1814 mammarfis,
764 1773 898 1809 arteriis
925 1771 1215 1810 Intercostalibus
1243 1772 1280 1808 ἃ
1307 1769 1529 1812 dorsalibus,
1571 1768 1606 1804 ὃς
1639 1768 1701 1805 ali·

89 1829 156 1870 bi,
191 1830 475 1867 innumeralibus
505 1831 543 1867 in
590 1842 747 1880 corpore
781 1829 942 1869 humano
977 1832 1091 1875 locis,
1132 1833 1244 1880 inque
1276 1829 1502 1879 capillarium
1541 1827 1702 1876 denique

91 1887 257 1925 vasorum
289 1901 354 1937 per
376 1896 496 1927 totum
539 1902 673 1938 corpus
699 1891 851 1927 animale
880 1890 1040 1940 disperfis
1065 1891 1200 1928 retibus
1223 1919 1233 1933 ‚
1272 1890 1409 1927 arteriae
1444 1887 1632 1925 contrariae
1663 1887 1702 1922 in

91 1959 208 1985 unum
234 1954 407 1986 truncum
438 1948 645 1986 coalescunt
675 1948 789 1998 (m).
847 1950 935 1987 Non
967 1951 1087 2000 potest
1123 1957 1242 1987 autem
1273 1948 1377 1992 fieri,
1405 1948 1492 1996 quin
1529 1946 1703 1983 contrarii

91 2006 274 2055 sanguinis
301 2015 481 2046 torrentes
508 2010 547 2045 in
570 2008 605 2047 se
631 2010 792 2047 invicem
821 2011 927 2054 nixi,
959 2010 1117 2060 aliquam
1145 2016 1285 2058 partem
1333 2007 1524 2045 celeritatis
1551 2005 1619 2042 suae
1641 2003 1704 2041 fibi

92 2074 225 2104 mutuo
255 2067 461 2111 destruant,
486 2080 608 2118 neque
640 2080 718 2106 eam
744 2070 916 2118 exiguam
936 2095 948 2116 ,
976 2081 1060 2107 cum
1081 2069 1221 2118 sanguis
1241 2080 1286 2105 eo
1307 2068 1439 2104 elatere
1461 2065 1671 2102 destituatur
1691 2092 1702 2106 ‚

93 2127 210 2175 quiin
242 2126 432 2167 eollifione
454 2128 654 2168 obviorum
682 2127 747 2166 fibi
779 2141 978 2180 corporum
1002 2129 1179 2167 durorum
1209 2126 1366 2167 amissam
1400 2125 1445 2164 ab
1474 2125 1545 2163 ictu
1572 2130 1702 2160 mutuo

1001 2189 1031 2228 A
1050 2200 1070 2228 a
1116 2198 1134 2234 3
1564 2181 1702 2220 veloci-

93 2341 147 2373 ult.
165 2301 239 2372 τεεί.)
262 2299 354 2333 Conf,
379 2305 428 2333 fr.
454 2301 472 2332 S
484 2313 504 2332 Α
516 2313 540 2334 U
553 2314 574 2334 v
585 2314 606 2334 A
620 2315 638 2335 ὓ
650 2316 665 2334 ⁸
680 2315 691 2334 ⁵
723 2308 756 2336 de
778 2307 946 2344 inflammat.
982 2314 1011 2339 1¹=
1037 2316 1049 2335 ¹
1059 2316 1084 2345 5=
1101 2303 1124 2336 B
1134 2314 1151 2336 ι
1162 2313 1215 2337 au
1225 2315 1247 2337 ο
1260 2315 1285 2340 υ
1296 2314 1315 2337 r.
1326 2313 1347 2336 ι
1357 2313 1368 2335 ι
1391 2299 1602 2341 hydrodynnm.
1622 2297 1699 2334 loco

178 2381 661 2428 (l*)Ron1usou1.c.‘p.
682 2393 730 2421 66.

176 2425 255 2463 (m)
277 2423 371 2457 L.11.
397 2438 415 2467 p
445 2433 492 2459 86.
