1968 2706
545 164 788 207 MOTUS
849 166 1223 206 LATERALIS.
1624 181 1704 217 271

88 266 173 304 facit
194 260 277 317 (t)
297 293 305 307 ‚
330 263 365 301 ἃ
382 263 518 302 disertis
537 262 676 310 verbis,
693 262 847 301 nasalem
871 263 1010 312 pulsum
1033 262 1088 310 (u
1102 264 1117 309 )
1133 289 1145 310 ‚
1166 261 1228 312 qui
1243 274 1401 316 peream
1418 261 1536 300 sedem
1558 276 1704 302 evacua-

89 327 232 362 tionem
252 324 437 374 praesagit,
470 324 514 361 ad
529 324 660 361 dicroti
678 322 775 371 figna
799 322 966 360 delineat.
1014 318 1264 376 Cotzcrng'sczm
1291 324 1408 373 pulsus
1441 323 1509 371 (κ)
1532 336 1549 360 a
1565 324 1705 362 diverso

94 383 385 433 differt‚quando
411 392 467 421 ter
488 383 525 419 in
549 394 624 420 uno
653 382 844 418 intervallo
868 381 988 433 pulsus
1011 383 1196 419 celerrime
1226 384 1259 421 se
1284 383 1563 432 consequuntur.
1600 380 1702 423 Inci-

93 439 192 483 ditzls
213 443 332 493 pulsus
368 442 416 478 est
442 471 452 484 ‚
483 441 628 491 quando
648 441 751 490 supra
773 442 930 492 primum
964 439 1107 490 pulsum
1134 442 1308 480 secundus
1330 443 1509 480 robustior
1527 443 1702 492 insurgit,

94 504 198 552 supra
223 500 417 540 secundum
447 503 573 538 tertius
596 529 609 543 ,
642 507 683 538 ut
706 501 742 537 in
771 501 857 537 mari
885 501 1032 550 quidem
1050 501 1147 539 unda
1179 503 1375 539 violentior
1393 504 1552 551 priorem
1583 503 1697 553 super-

95 563 219 600 venire
253 560 355 598 solet.
420 559 511 597 Eum
536 559 679 609 pulsum
707 554 934 612 Franczsczcs
963 560 1054 597 SOL
1071 573 1134 597 AN
1151 573 1174 598 o
1211 562 1372 599 definivit
1401 562 1487 612 (y)
1507 592 1516 606 ‚
1554 562 1590 599 δι
1613 575 1698 601 cum

98 619 252 658 mollitie
281 617 460 656 sudorem
481 619 568 667 (z)
593 649 602 664 ,
635 631 718 657 cum
739 619 869 657 duritie
897 620 1046 658 icterum
1076 620 1167 668 (a)
1195 620 1346 658 credidit
1381 623 1611 669 portendere.

182 678 354 727 Denique
382 680 611 726 nuperrimus
638 679 759 716 audior
787 674 867 727 (b)
904 677 1022 717 multo
1055 681 1197 728 plenius
1220 691 1330 717 novas
1349 680 1516 729 pulsuum
1543 681 1662 719 claffes
1686 710 1695 724 ‚

98 750 265 787 novaque
291 750 310 774 a
332 736 491 786 pulsibus
509 738 676 787 praesagia
701 740 931 787 excogitavit.
979 738 1160 777 Criticum
1190 751 1279 788 ergo
1301 740 1460 788 primum
1487 752 1504 777 a
1524 751 1597 777 non
1623 738 1698 778 cri-

99 797 178 837 tico
211 796 280 833 five
310 795 519 833 irritationis
556 797 657 846 pulsu
684 797 884 846 separavit,
920 797 1020 846 quod
1047 799 1108 836 ille
1151 798 1374 836 obstaculum
1417 797 1565 848 quidem
1594 826 1603 843 ,
1637 800 1698 837 sed

99 854 332 895 evacuatione
355 856 478 892 critica
505 857 538 893 &
562 868 581 893 a
610 862 735 893 natura
760 856 958 905 superabile
986 885 996 899 .
1024 859 1060 894 δε
1094 860 1275 895 continuo
1316 857 1558 906 superandum
1579 888 1588 902 ,
1635 859 1696 896 iste

99 917 225 953 frustra
251 915 394 951 futuros
431 921 564 952 naturae
603 921 753 952 conatus
779 944 788 957 ,
817 927 1086 966 nervorumque
1129 917 1259 954 steriles
1306 916 1484 955 tumultus
1526 917 1700 966 designet.

101 975 256 1014 Criticus
281 984 369 1021 ergo
400 970 439 1009 in
466 974 672 1012 universum
703 974 826 1023 pulsus
856 970 1069 1018 dilatatus,
1098 976 1218 1013 mollis
1236 1002 1247 1023 ,
1275 977 1313 1013 &'
1336 977 1512 1028 expansus
1535 978 1603 1015 erit
1622 976 1696 1028 (c)

102 1038 251 1082 oportet
284 1033 383 1069 enim
405 1031 558 1070 auctoris
584 1044 692 1070 voces
717 1045 762 1070 ex
787 1035 965 1082 proximo
1003 1035 1103 1084 sequi
1127 1045 1141 1072 .·
1167 1036 1230 1084 qui
1266 1037 1414 1072 criticus
1445 1048 1521 1073 non
1560 1036 1608 1073 est
1625 1064 1635 1079 ,
1671 1037 1700 1073 is

104 1097 372 1133 concentratus
407 1087 524 1139 (d),
550 1091 663 1129 arctus
683 1120 693 1134 ‚
725 1089 893 1142 frequens
928 1093 977 1130 est
1002 1094 1037 1130 Sc
1066 1092 1200 1131 durior.
1235 1093 1380 1131 Deinde
1404 1095 1527 1145 pulsus
1555 1096 1699 1132 criticus

105 1165 171 1204 per
190 1152 254 1191 alla
283 1150 342 1188 sua
372 1148 470 1200 figna
497 1152 674 1188 variarum
703 1153 868 1200 corporis
888 1151 1036 1189 humani
1056 1155 1210 1203 partium
1241 1154 1500 1190 obstructiones
1527 1152 1701 1202 designat,

104 1215 138 1251 δι
164 1213 397 1249 imminentes
420 1221 468 1248 ex
499 1211 543 1248 iis
572 1210 730 1258 partibus
760 1212 899 1248 criticas
917 1213 1166 1249 evacuationes
1192 1212 1364 1260 praesagit.
1430 1213 1466 1250 Si
1509 1214 1545 1249 in
1582 1214 1701 1262 capite

102 1272 254 1309 morbus
285 1269 416 1314 fuerit,
446 1269 481 1305 δι
512 1282 530 1307 a
557 1268 799 1318 superioribus
831 1271 995 1319 corporis
1017 1272 1175 1322 partibus
1191 1272 1378 1309 evacuatio
1404 1270 1590 1320 speretur,
1620 1271 1702 1321 pul-

104 1331 159 1368 sus
168 1324 349 1383 fitperior
367 1328 443 1377 (e)
462 1330 529 1366 erit
543 1356 553 1371 ‚
574 1340 706 1377 nempe
720 1328 881 1367 dicrotus
901 1355 912 1374 ‚
930 1330 993 1379 qui
1019 1331 1245 1381 praecipitem
1260 1330 1586 1379 reduplicationem
1604 1359 1613 1373 ,
1633 1330 1702 1367 five

105 1393 250 1427 unicam
284 1389 458 1427 diastolen
483 1390 521 1425 in
559 1388 646 1425 duas
679 1387 824 1426 divisam
857 1388 975 1426 habet.
1012 1386 1053 1426 Si
1076 1391 1113 1426 in
1141 1389 1286 1438 pectore
1318 1391 1445 1426 vitium
1478 1390 1620 1433 fuerit,
1665 1391 1702 1426 δε

105 1448 191 1486 inde
221 1449 380 1498 speretur
404 1449 591 1485 evacuatio
611 1475 620 1490 ,
651 1447 773 1496 pulsus
809 1460 880 1486 una
913 1448 1033 1486 mollis
1057 1449 1148 1491 erit,
1191 1449 1226 1485 δε
1256 1448 1415 1486 undosus
1441 1477 1450 1491 ,
1482 1449 1519 1485 &
1556 1449 1704 1498 aequalis

112 1501 192 1559 (f)
223 1518 233 1545 τ
260 1506 285 1542 sl
310 1520 329 1545 a
354 1513 500 1555 gutture
520 1537 528 1544 .
561 1506 748 1555 aliquanto
773 1509 925 1545 celerior
945 1534 956 1554 ‚
991 1509 1027 1545 &
1060 1507 1186 1544 durior
1211 1532 1222 1554 ,
1255 1508 1290 1544 &
1325 1507 1516 1556 cephalico
1550 1509 1703 1555 propior

110 1567 159 1604 est
189 1566 290 1620 (g).
339 1566 375 1603 Si
403 1578 421 1603 a
448 1568 567 1615 capite
600 1564 692 1602 crisis
721 1566 911 1616 sequetur,
934 1567 1062 1605 durior
1087 1567 1155 1603 erit
1182 1577 1277 1609 una,
1304 1566 1457 1604 validior
1475 1595 1485 1609 ,
1524 1566 1703 1609 celerior,

109 1636 192 1663 vere
220 1625 386 1664 dicrotus
417 1620 506 1672 (h).
541 1623 664 1662 Pulsus
695 1619 857 1677 inferior
884 1627 1077 1677 inaequalia
1106 1625 1215 1664 habet
1238 1625 1448 1675 intervalla,
1479 1637 1599 1674 neque
1625 1636 1705 1663 raro

1529 1685 1705 1724 intermit-

284 1849 335 1909 ἕλε
347 1843 425 1909 ἷζε
439 1890 460 1911 R
482 1877 536 1918 obs:
561 1890 588 1915 4.
612 1879 679 1920 post
709 1881 730 1913 1.
758 1880 790 1910 de
813 1881 883 1911 aeris
903 1879 1032 1920 effi'caciffi

288 1931 322 2000 a.
345 1930 383 1996 ε.

298 2014 326 2042 p.
348 2008 375 2033 8.

293 2043 453 2075 Recherches
466 2041 520 2083 sur
542 2046 565 2074 le
585 2046 665 2083 pouls
684 2053 739 2084 par
756 2051 869 2083 rapport
890 2053 950 2074 aux
971 2041 1050 2084 crifis·
1070 2041 1156 2074 Paris
1179 2050 1267 2083 1756.
1289 2042 1451 2075 12.Audi0
1481 2043 1639 2077 auctorem
1652 2042 1708 2075 effe

116 2083 165 2115 Cl.
199 2085 301 2115 virum
339 2086 518 2121 Theophilum
562 2085 602 2116 du
637 2086 842 2120 Boxnzu-
885 2084 959 2122 Ejus
994 2084 1104 2125 placita
1129 2086 1184 2117 ivit
1212 2085 1429 2118 confirmatum
1450 2085 1499 2120 Cl.
1523 2087 1703 2119 Micam

122 2123 230 2164 ΟζζΙὲνυ.
242 2124 296 2165 fiir
319 2127 342 2155 le
350 2128 435 2163 pouls.
457 2125 534 2156 Paris
559 2133 645 2166 1758.
1379 2126 1385 2127 ⁷

252 2007 266 2080 kls-t
251 1842 273 1997 *³1va
