1968 2706
174 176 260 217 484
436 156 728 206 1:13.sz
762 145 963 205 sEca'.
1003 158 1103 202 ιιι.
1150 159 1386 206 oAusAE
1450 160 1542 214 &a

171 261 330 301 resistens
359 258 491 300 eanalis
514 260 700 299 secretorii
718 290 728 305 ‚
761 259 836 309 Et,
874 262 1021 311 quoties
1046 261 1216 299 conmisti
1255 261 1433 301 humores
1459 262 1503 302 ad
1530 262 1632 303 idem
1671 261 1801 306 bolum

174 324 358 368 veniunt,
386 319 574 360 admissum
607 321 651 358 iri
670 333 733 359 eos
752 346 764 367 ,
784 332 947 372 quorum
969 327 1206 361 momentum
1239 321 1481 361 distendendo
1512 326 1728 364 conniventi
1746 327 1804 366 lu-

176 383 269 420 mini
300 382 432 422 canalis
452 381 635 419 secretorii
666 379 795 419 sufficit
824 381 943 433 (y),
965 381 1055 420 dum
1084 393 1134 419 eae
1165 381 1353 430 particulae
1395 383 1634 434 repudiantur
1659 409 1673 433 ,
1714 397 1807 437 qua3

175 454 260 482 rum
285 448 518 481 momentum
541 441 661 478 minus
682 442 740 479 est.

264 502 412 540 Deinde
457 511 541 538 cum
573 500 727 544 sentiat,
760 498 930 540 fortiores
965 501 1166 547 humores,
1193 509 1315 542 tamen
1348 512 1415 551 per
1442 501 1621 543 debiliora
1665 510 1803 553 organa

176 571 258 601 non
285 561 492 611 percolari‘,
516 571 637 610 neque
661 561 822 605 urinam,
866 574 945 612 quae
974 561 1015 600 fit
1041 569 1081 600 ut
1108 576 1122 600 1
1138 576 1155 611 5
1173 592 1182 607 ‚
1215 560 1360 600 tranfire
1383 563 1423 599 in
1444 565 1516 602 vias
1536 565 1651 603 salivae
1667 590 1679 608 ,
1698 566 1802 613 cujus

177 629 301 661 tamen
333 627 566 659 momentum
591 621 711 658 minus
737 619 806 664 fit,
834 621 871 658 Sc
893 622 930 661 se
955 621 1086 660 habeat
1119 629 1160 660 ut
1191 635 1205 661 1
1223 633 1237 659 1
1275 620 1359 671 (z)
1380 650 1391 664 ,
1420 621 1466 660 ad
1494 635 1626 662 nervos
1655 623 1690 663 se
1714 625 1804 662 reci-

175 683 231 732 pit
255 676 347 732 (a)
368 709 378 724 ,
419 681 484 731 qui
513 681 550 717 in
575 679 761 728 glandulis
791 681 1061 719 numerosiores
1108 694 1238 721 eorum
1270 682 1443 720 colorum
1481 684 1556 722 vim
1598 683 1803 722 contraste-

175 742 267 779 riam
295 747 462 792 augeant.
508 738 555 776 In
578 739 711 789 hepate
746 751 856 784 vero,
879 752 964 779 cum
1001 740 1168 785 salivam,
1198 741 1339 780 urinam
1357 767 1369 787 ‚
1397 741 1557 792 aliosque
1574 742 1801 790 humoressa-

175 800 336 851 quosos,
367 811 414 838 ex
449 798 671 848 hypothefi,
709 799 789 837 bilis
818 801 899 838 cola
932 808 1123 851 oporteret
1153 801 1272 839 subire
1295 830 1306 846 ,
1333 801 1608 840 excusationem
1629 802 1799 852 profert.

174 860 392 908 sanguinem
411 885 425 904 ,
453 870 498 895 ex
517 870 593 908 quo
623 859 703 896 bilis
729 866 896 908 paratur,
923 860 1064 910 aquofis
1091 860 1278 910 particulis
1311 873 1389 899 non
1422 861 1605 900 abundare
1632 857 1690 910 (b
1712 862 1745 910 ).

263 920 376 958 Nunc
406 917 559 968 quidem
596 929 676 955 eam
704 917 882 957 ductuum
915 921 1207 959 excretoriorum
1244 932 1423 959 enormen
1453 919 1656 970 angustiam
1685 933 1804 971 expe·

178 981 381 1018 timentum
407 988 485 1014 non
511 977 714 1015 confirmat.
759 977 953 1019 Viscerum
976 979 1053 1018 vasa
1080 981 1230 1018 minima
1259 982 1383 1030 potius
1409 981 1549 1019 laxiora
1568 980 1662 1027 effe,
1692 991 1802 1031 quam

178 1041 217 1077 in
245 1038 415 1077 musculis
441 1034 596 1088 aliisque
623 1037 783 1087 partibus
810 1040 976 1088 corporis
997 1039 1089 1076 nihil
1116 1040 1386 1078 secernentibus
1401 1069 1413 1085 ,
1433 1039 1561 1079 aliiCl.
1578 1042 1671 1087 viri,
1691 1041 1727 1078 δε
1749 1041 1804 1078 in-

179 1101 306 1148 primis
331 1097 485 1136 auctoris
512 1098 620 1135 amici
647 1096 730 1149 (c)
755 1096 989 1150 sumpserunt.
1033 1098 1191 1138 Arterias
1209 1100 1385 1138 viscerum
1408 1099 1498 1138 alius
1527 1101 1583 1138 vir
1610 1099 1667 1138 Cl.
1693 1101 1804 1137 inter-

180 1171 266 1196 nam
287 1157 539 1197 membranam
559 1156 737 1196 laxiorem
750 1187 761 1201 ,
781 1158 991 1196 molliorem
1004 1186 1014 1199 ,
1046 1160 1241 1206 rugosam,
1262 1158 1338 1197 fere
1359 1155 1538 1196 friabilem
1559 1187 1568 1201 ,
1591 1158 1805 1197 cellulosam

179 1231 268 1256 vero
290 1218 402 1256 telam
429 1215 608 1254 laxiorem
634 1215 703 1254 effe
720 1246 730 1261 ‚
755 1217 888 1266 absque
905 1216 1107 1267 hypothefi
1138 1217 1267 1254 docuit
1291 1213 1391 1265 (d).
1433 1216 1550 1254 Patuli
1576 1217 1708 1255 dantur
1733 1218 1804 1255 uti-

179 1290 254 1328 que
282 1279 376 1315 inter
397 1277 623 1313 excretorios
652 1276 791 1314 canales
811 1304 820 1319 ,
854 1277 891 1312 in
914 1287 1007 1325 quos
1029 1288 1088 1313 aer
1104 1302 1116 1321 ‚
1135 1283 1325 1326 utcunque
1342 1275 1457 1314 levior
1481 1277 1698 1327 minimique
1721 1288 1804 1316 mo-

177 1338 297 1374 menti
325 1346 440 1384 capax
464 1362 474 1377 ‚
503 1335 768 1384 expeditiffime
793 1335 972 1378 transeat,
1002 1343 1042 1372 ut
1065 1337 1103 1373 in
1137 1337 1233 1373 renis
1261 1336 1436 1386 exemplo
1463 1365 1472 1379 ,
1513 1336 1624 1385 inque
1663 1336 1803 1374 cellulis

179 1395 346 1446 adipofis.
411 1392 620 1432 Nervorum
645 1397 681 1433 in
704 1394 887 1444 glandulis
907 1396 1086 1442 majorem
1101 1406 1294 1434 numerum
1311 1402 1480 1433 anatome
1499 1395 1645 1443 rejicit(
1661 1396 1725 1443 e).
1760 1395 1803 1433 In

175 1456 351 1505 hepatico
366 1453 543 1500 sanguine
562 1465 693 1503 aquam
709 1454 901 1491 desiderari
915 1461 1096 1503 repugnat
1111 1462 1246 1492 naturae
1259 1455 1442 1504 sanguinis
1459 1466 1558 1491 venae
1583 1462 1770 1504 portarum
1786 1480 1800 1498 ,

180 1517 245 1565 qui
277 1526 354 1552 non
384 1513 492 1550 unice
512 1513 558 1551 de
586 1513 654 1552 suis
708 1515 821 1551 rteriis
837 1541 847 1557 ‚
880 1513 941 1551 sed
962 1522 1132 1563 praeterea
1155 1515 1305 1553 uberem
1324 1515 1369 1552 de
1394 1513 1568 1551 intestinis
1601 1513 1801 1552 resorbtam

179 1586 313 1624 aquam
341 1573 553 1616 contineat,
586 1527 807 1611 &fiotum
839 1585 1064 1622 organorum
1094 1573 1267 1623 sanguine
1291 1575 1413 1625 potius
1438 1572 1588 1612 fluidior
1615 1571 1656 1612 fit
1681 1602 1692 1618 ,
1725 1571 1800 1614 mi—

183 1645 326 1684 nusque
357 1633 402 1672 ad
433 1631 733 1683 coagulationem
760 1632 914 1672 inclinet
941 1627 1034 1686 (f).

261 1850 335 1889 (y)
354 1861 392 1898 P:
412 1860 461 1889 ³4·

259 1895 276 1929 (
288 1895 331 1929 z)
352 1894 425 1924 ιδιά.

261 1935 331 1971 (a)
359 1945 386 1973 υ-
412 1946 459 1972 3<-

261 1978 332 2012 (h)
359 1986 390 2019 p.
417 1982 463 2014 38.

262 2019 328 2053 (c)
351 2019 369 2047 S
382 2027 402 2047 A
416 2028 475 2050 uv
489 2026 510 2048 Λ
525 2025 571 2048 013
588 2027 599 2047 s
627 2017 722 2050 M'em.
742 2018 775 2049 de
795 2018 911 2051 I'Acacl.
934 2018 967 2048 de
985 2018 1082 2049 Berlin
1107 2025 1193 2056 1755,
1218 2028 1247 2058 p.
1271 2028 1322 2054 49·

259 2060 336 2094 (cl)
360 2057 460 2101 Confi
485 2059 608 2090 interim
623 2058 658 2090 L.
681 2059 704 2091 1.
727 2070 757 2099 p.
783 2072 829 2097 37·
856 2061 880 2092 L
918 2059 962 2090 II.
984 2070 1013 2099 p.
1039 2071 1086 2095 99·

256 2102 272 2135 (
288 2102 326 2134 e)
357 2100 454 2131 Conf.
476 2112 503 2140 p.
524 2110 590 2139 377.

266 2141 326 2177 (f)
356 2140 448 2172 Confi
470 2154 497 2182 p.
532 2151 580 2176 ις.
615 2144 643 2172 8<
663 2141 740 2172 adde
763 2151 829 2182 qua:
845 2143 897 2174 suo
919 2143 990 2176 loco
1014 2142 1182 2174 adferemus
1215 2151 1251 2173 ex
1274 2140 1476 2174 Meu-2211
1501 2162 1508 2179 ‚
1552 2139 1599 2174 ΡΑ
1616 2147 1657 2171 s!
1672 2149 1690 2170 r.
1705 2149 1737 2171 ¹1
1770 2141 1799 2170 &

183 2181 260 2214 alior
291 2181 338 2215 Cl.
371 2184 454 2215 'viror
474 2206 483 2223 ,
505 2182 737 2222 experimentis.

1586 2407 1800 2464 innrx
