<?xml version="1.0" encoding="UTF-8"?>
<!DOCTYPE html PUBLIC "-//W3C//DTD XHTML 1.0 Transitional//EN"
    "http://www.w3.org/TR/xhtml1/DTD/xhtml1-transitional.dtd">
<html xmlns="http://www.w3.org/1999/xhtml" xml:lang="en" lang="en">
 <head>
  <title>
</title>
<meta http-equiv="Content-Type" content="text/html;charset=utf-8" />
  <meta name='ocr-system' content='tesseract 3.04.00' />
  <meta name='ocr-capabilities' content='ocr_page ocr_carea ocr_par ocr_line ocrx_word'/>
</head>
<body>
  <div class='ocr_page' id='page_1' title='image "./elementaphysiolo02hall_0189.png"; bbox 0 0 1968 2706; ppageno 0'>
   <div class='ocr_carea' id='block_1_1' title="bbox 464 184 1706 242">
    <p class='ocr_par' dir='ltr' id='par_1_1' title="bbox 464 184 1706 242">
     <span class='ocr_line' id='line_1_1' title="bbox 464 184 1706 242; baseline 0 -11"><span class='ocrx_word' id='word_1_1' title='bbox 464 191 706 242; x_wconf 70' lang='lat' dir='ltr'>MOTUS</span> <span class='ocrx_word' id='word_1_2' title='bbox 767 184 1326 231; x_wconf 38' lang='lat' dir='ltr'>PROGRES‘SlVUSr</span> <span class='ocrx_word' id='word_1_3' title='bbox 1630 206 1706 242; x_wconf 82' lang='lat'>¹73</span> 
     </span>
    </p>
   </div>
   <div class='ocr_carea' id='block_1_2' title="bbox 100 282 1708 572">
    <p class='ocr_par' dir='ltr' id='par_1_2' title="bbox 100 282 1708 572">
     <span class='ocr_line' id='line_1_2' title="bbox 102 282 1707 340; baseline -0.002 -12"><span class='ocrx_word' id='word_1_4' title='bbox 102 291 224 340; x_wconf 78' lang='lat' dir='ltr'>guinis</span> <span class='ocrx_word' id='word_1_5' title='bbox 253 296 398 328; x_wconf 82' lang='lat' dir='ltr'>motum</span> <span class='ocrx_word' id='word_1_6' title='bbox 433 287 737 337; x_wconf 82' lang='lat' dir='ltr'>promoventibus</span> <span class='ocrx_word' id='word_1_7' title='bbox 767 282 844 336; x_wconf 80' lang='lat' dir='ltr'>(b)</span> <span class='ocrx_word' id='word_1_8' title='bbox 868 315 877 329; x_wconf 88' lang='lat'>,</span> <span class='ocrx_word' id='word_1_9' title='bbox 909 298 927 322; x_wconf 89' lang='lat' dir='ltr'>a</span> <span class='ocrx_word' id='word_1_10' title='bbox 951 285 1142 334; x_wconf 80' lang='lat' dir='ltr'>pediluviis</span> <span class='ocrx_word' id='word_1_11' title='bbox 1175 283 1312 334; x_wconf 85' lang='lat' dir='ltr'>pedum</span> <span class='ocrx_word' id='word_1_12' title='bbox 1344 283 1525 324; x_wconf 78' lang='lat' dir='ltr'>oedemata</span> <span class='ocrx_word' id='word_1_13' title='bbox 1559 287 1707 325; x_wconf 82' lang='lat' dir='ltr'>nascun-</span> 
     </span>
     <span class='ocr_line' id='line_1_3' title="bbox 102 345 1707 398; baseline -0.005 -11"><span class='ocrx_word' id='word_1_14' title='bbox 102 359 181 393; x_wconf 85' lang='lat' dir='ltr'>tur,</span> <span class='ocrx_word' id='word_1_15' title='bbox 214 351 247 386; x_wconf 61' lang='grc' dir='ltr'>ἃ</span> <span class='ocrx_word' id='word_1_16' title='bbox 269 359 459 398; x_wconf 79' lang='lat' dir='ltr'>augentur.</span> <span class='ocrx_word' id='word_1_17' title='bbox 506 348 564 386; x_wconf 79' lang='lat' dir='ltr'>De</span> <span class='ocrx_word' id='word_1_18' title='bbox 590 346 753 395; x_wconf 89' lang='lat' dir='ltr'>pondere</span> <span class='ocrx_word' id='word_1_19' title='bbox 777 357 877 395; x_wconf 68' lang='lat' dir='ltr'>aquae</span> <span class='ocrx_word' id='word_1_20' title='bbox 896 347 931 381; x_wconf 89' lang='lat' dir='ltr'>iu</span> <span class='ocrx_word' id='word_1_21' title='bbox 964 345 1151 394; x_wconf 87' lang='lat' dir='ltr'>pediluvio</span> <span class='ocrx_word' id='word_1_22' title='bbox 1179 353 1301 381; x_wconf 87' lang='lat' dir='ltr'>cutem</span> <span class='ocrx_word' id='word_1_23' title='bbox 1328 348 1489 393; x_wconf 75' lang='lat' dir='ltr'>urgentis</span> <span class='ocrx_word' id='word_1_24' title='bbox 1519 345 1578 382; x_wconf 82' lang='lat' dir='ltr'>hic</span> <span class='ocrx_word' id='word_1_25' title='bbox 1600 350 1707 385; x_wconf 64' lang='lat' dir='ltr'>omit.</span> 
     </span>
     <span class='ocr_line' id='line_1_4' title="bbox 100 403 1704 454; baseline -0.002 -7"><span class='ocrx_word' id='word_1_26' title='bbox 100 418 142 448; x_wconf 78' lang='lat' dir='ltr'>to</span> <span class='ocrx_word' id='word_1_27' title='bbox 172 410 319 452; x_wconf 79' lang='lat' dir='ltr'>dicere,</span> <span class='ocrx_word' id='word_1_28' title='bbox 355 409 454 454; x_wconf 86' lang='lat' dir='ltr'>cujus</span> <span class='ocrx_word' id='word_1_29' title='bbox 488 407 642 444; x_wconf 89' lang='lat' dir='ltr'>omnino</span> <span class='ocrx_word' id='word_1_30' title='bbox 678 406 800 442; x_wconf 89' lang='lat' dir='ltr'>minor</span> <span class='ocrx_word' id='word_1_31' title='bbox 821 434 830 448; x_wconf 95' lang='lat'>,</span> <span class='ocrx_word' id='word_1_32' title='bbox 866 416 974 453; x_wconf 81' lang='lat' dir='ltr'>quam</span> <span class='ocrx_word' id='word_1_33' title='bbox 1005 406 1055 440; x_wconf 90' lang='lat' dir='ltr'>vis</span> <span class='ocrx_word' id='word_1_34' title='bbox 1092 403 1242 440; x_wconf 72' lang='lat' dir='ltr'>laxantis</span> <span class='ocrx_word' id='word_1_35' title='bbox 1275 416 1375 453; x_wconf 77' lang='lat' dir='ltr'>aquae</span> <span class='ocrx_word' id='word_1_36' title='bbox 1400 433 1409 447; x_wconf 93' lang='lat'>,</span> <span class='ocrx_word' id='word_1_37' title='bbox 1460 404 1507 441; x_wconf 86' lang='lat' dir='ltr'>est</span> <span class='ocrx_word' id='word_1_38' title='bbox 1539 403 1704 443; x_wconf 62' lang='lat' dir='ltr'>effisacia.</span> 
     </span>
     <span class='ocr_line' id='line_1_5' title="bbox 103 461 1708 516; baseline -0.002 -11"><span class='ocrx_word' id='word_1_39' title='bbox 103 468 173 505; x_wconf 91' lang='lat' dir='ltr'>Sed</span> <span class='ocrx_word' id='word_1_40' title='bbox 206 480 324 516; x_wconf 86' lang='lat' dir='ltr'>neque</span> <span class='ocrx_word' id='word_1_41' title='bbox 361 466 488 503; x_wconf 80' lang='lat' dir='ltr'>caloris</span> <span class='ocrx_word' id='word_1_42' title='bbox 510 467 547 501; x_wconf 88' lang='lat' dir='ltr'>in</span> <span class='ocrx_word' id='word_1_43' title='bbox 577 464 787 511; x_wconf 68' lang='lat' dir='ltr'>sangumem</span> <span class='ocrx_word' id='word_1_44' title='bbox 820 465 957 514; x_wconf 85' lang='lat' dir='ltr'>recepti</span> <span class='ocrx_word' id='word_1_45' title='bbox 986 465 1059 499; x_wconf 85' lang='lat' dir='ltr'>vim</span> <span class='ocrx_word' id='word_1_46' title='bbox 1094 461 1328 510; x_wconf 85' lang='lat' dir='ltr'>contemplor</span> <span class='ocrx_word' id='word_1_47' title='bbox 1351 492 1360 506; x_wconf 89' lang='lat'><em>‚</em></span> <span class='ocrx_word' id='word_1_48' title='bbox 1392 465 1454 512; x_wconf 89' lang='lat' dir='ltr'>qui</span> <span class='ocrx_word' id='word_1_49' title='bbox 1476 465 1602 513; x_wconf 87' lang='lat' dir='ltr'>utique</span> <span class='ocrx_word' id='word_1_50' title='bbox 1631 477 1708 503; x_wconf 84' lang='lat' dir='ltr'>non</span> 
     </span>
     <span class='ocr_line' id='line_1_6' title="bbox 101 521 1707 572; baseline -0.001 -8"><span class='ocrx_word' id='word_1_51' title='bbox 101 529 140 564; x_wconf 87' lang='lat' dir='ltr'>in</span> <span class='ocrx_word' id='word_1_52' title='bbox 171 526 351 564; x_wconf 87' lang='lat' dir='ltr'>submerso</span> <span class='ocrx_word' id='word_1_53' title='bbox 380 531 481 567; x_wconf 84' lang='lat' dir='ltr'>artu,</span> <span class='ocrx_word' id='word_1_54' title='bbox 514 523 573 561; x_wconf 88' lang='lat' dir='ltr'>sed</span> <span class='ocrx_word' id='word_1_55' title='bbox 603 524 641 559; x_wconf 84' lang='lat' dir='ltr'>in</span> <span class='ocrx_word' id='word_1_56' title='bbox 674 530 756 560; x_wconf 91' lang='lat' dir='ltr'>toto</span> <span class='ocrx_word' id='word_1_57' title='bbox 784 534 946 572; x_wconf 81' lang='lat' dir='ltr'>corpore</span> <span class='ocrx_word' id='word_1_58' title='bbox 982 522 1143 559; x_wconf 84' lang='lat' dir='ltr'>hominis</span> <span class='ocrx_word' id='word_1_59' title='bbox 1177 521 1359 571; x_wconf 81' lang='lat' dir='ltr'>sanguinis</span> <span class='ocrx_word' id='word_1_60' title='bbox 1395 530 1540 560; x_wconf 74' lang='lat' dir='ltr'>motum</span> <span class='ocrx_word' id='word_1_61' title='bbox 1569 525 1707 562; x_wconf 73' lang='lat' dir='ltr'>accele-</span> 
     </span>
    </p>
   </div>
   <div class='ocr_carea' id='block_1_3' title="bbox 100 583 1195 694">
    <p class='ocr_par' dir='ltr' id='par_1_3' title="bbox 100 583 1195 694">
     <span class='ocr_line' id='line_1_7' title="bbox 100 583 288 638; baseline -0.005 -16"><span class='ocrx_word' id='word_1_62' title='bbox 100 593 156 623; x_wconf 75' lang='lat' dir='ltr'>rat</span> <span class='ocrx_word' id='word_1_63' title='bbox 186 583 288 638; x_wconf 76' lang='lat' dir='ltr'><strong>(c).</strong></span> 
     </span>
     <span class='ocr_line' id='line_1_8' title="bbox 587 634 1195 694; baseline -0.003 -16"><span class='ocrx_word' id='word_1_64' title='bbox 587 644 620 686; x_wconf 72' lang='lat'>§-</span> <span class='ocrx_word' id='word_1_65' title='bbox 661 639 769 678; x_wconf 86' lang='lat' dir='ltr'>XHI.</span> <span class='ocrx_word' id='word_1_66' title='bbox 828 634 986 694; x_wconf 75' lang='lat' dir='ltr'>Figurae</span> <span class='ocrx_word' id='word_1_67' title='bbox 1020 636 1195 679; x_wconf 63' lang='lat' dir='ltr'>mutatio²</span> 
     </span>
    </p>
   </div>
   <div class='ocr_carea' id='block_1_4' title="bbox 98 756 1704 1637">
    <p class='ocr_par' dir='ltr' id='par_1_4' title="bbox 98 756 1704 1637">
     <span class='ocr_line' id='line_1_9' title="bbox 187 756 1702 810; baseline 0.001 -13"><span class='ocrx_word' id='word_1_68' title='bbox 187 759 421 809; x_wconf 75' lang='lat' dir='ltr'>Aliquantum</span> <span class='ocrx_word' id='word_1_69' title='bbox 445 761 527 810; x_wconf 87' lang='lat' dir='ltr'>plus</span> <span class='ocrx_word' id='word_1_70' title='bbox 553 756 627 794; x_wconf 78' lang='lat' dir='ltr'>veri</span> <span class='ocrx_word' id='word_1_71' title='bbox 647 758 695 794; x_wconf 86' lang='lat' dir='ltr'>est</span> <span class='ocrx_word' id='word_1_72' title='bbox 718 760 757 795; x_wconf 77' lang='lat' dir='ltr'>&#39;in</span> <span class='ocrx_word' id='word_1_73' title='bbox 787 758 856 796; x_wconf 86' lang='lat' dir='ltr'>hac</span> <span class='ocrx_word' id='word_1_74' title='bbox 879 759 980 797; x_wconf 83' lang='lat' dir='ltr'>causa</span> <span class='ocrx_word' id='word_1_75' title='bbox 997 787 1006 802; x_wconf 86' lang='lat'>‚</span> <span class='ocrx_word' id='word_1_76' title='bbox 1041 766 1120 808; x_wconf 85' lang='lat' dir='ltr'>quae</span> <span class='ocrx_word' id='word_1_77' title='bbox 1137 760 1316 809; x_wconf 71' lang='lat' dir='ltr'>sanguinis</span> <span class='ocrx_word' id='word_1_78' title='bbox 1339 760 1429 796; x_wconf 88' lang='lat' dir='ltr'>vires</span> <span class='ocrx_word' id='word_1_79' title='bbox 1451 760 1627 798; x_wconf 73' lang='lat' dir='ltr'>retardare</span> <span class='ocrx_word' id='word_1_80' title='bbox 1650 760 1702 798; x_wconf 88' lang='lat' dir='ltr'>di-</span> 
     </span>
     <span class='ocr_line' id='line_1_10' title="bbox 102 816 1701 869; baseline 0.001 -13"><span class='ocrx_word' id='word_1_81' title='bbox 102 821 202 856; x_wconf 85' lang='lat' dir='ltr'>citur.</span> <span class='ocrx_word' id='word_1_82' title='bbox 243 819 377 868; x_wconf 85' lang='lat' dir='ltr'><strong>Utique</strong></span> <span class='ocrx_word' id='word_1_83' title='bbox 398 821 496 856; x_wconf 88' lang='lat' dir='ltr'>enim</span> <span class='ocrx_word' id='word_1_84' title='bbox 526 847 535 861; x_wconf 81' lang='grc'>,</span> <span class='ocrx_word' id='word_1_85' title='bbox 568 817 603 853; x_wconf 80' lang='lat'>&amp;</span> <span class='ocrx_word' id='word_1_86' title='bbox 622 816 726 854; x_wconf 80' lang='lat' dir='ltr'>fufius</span> <span class='ocrx_word' id='word_1_87' title='bbox 759 818 835 854; x_wconf 78' lang='lat' dir='ltr'>haec</span> <span class='ocrx_word' id='word_1_88' title='bbox 859 818 1105 856; x_wconf 79' lang='lat' dir='ltr'>describentur</span> <span class='ocrx_word' id='word_1_89' title='bbox 1144 816 1255 869; x_wconf 85' lang='lat' dir='ltr'>(d),</span> <span class='ocrx_word' id='word_1_90' title='bbox 1290 819 1471 865; x_wconf 83' lang='lat' dir='ltr'>sanguinis</span> <span class='ocrx_word' id='word_1_91' title='bbox 1501 820 1538 855; x_wconf 90' lang='lat' dir='ltr'>in</span> <span class='ocrx_word' id='word_1_92' title='bbox 1561 822 1701 857; x_wconf 76' lang='lat' dir='ltr'>arterias</span> 
     </span>
     <span class='ocr_line' id='line_1_11' title="bbox 101 877 1702 926; baseline 0.002 -13"><span class='ocrx_word' id='word_1_93' title='bbox 101 877 244 926; x_wconf 74' lang='lat' dir='ltr'>impulsi</span> <span class='ocrx_word' id='word_1_94' title='bbox 270 880 428 925; x_wconf 81' lang='lat' dir='ltr'>impetus</span> <span class='ocrx_word' id='word_1_95' title='bbox 455 877 630 915; x_wconf 79' lang='lat' dir='ltr'>flexiones</span> <span class='ocrx_word' id='word_1_96' title='bbox 651 887 777 913; x_wconf 85' lang='lat' dir='ltr'>omnes</span> <span class='ocrx_word' id='word_1_97' title='bbox 802 884 945 920; x_wconf 87' lang='lat' dir='ltr'>mutat,</span> <span class='ocrx_word' id='word_1_98' title='bbox 976 878 1011 914; x_wconf 65' lang='grc' dir='ltr'>δε</span> <span class='ocrx_word' id='word_1_99' title='bbox 1040 886 1177 926; x_wconf 80' lang='lat' dir='ltr'>partem</span> <span class='ocrx_word' id='word_1_100' title='bbox 1202 880 1336 916; x_wconf 64' lang='lat' dir='ltr'>arteriae</span> <span class='ocrx_word' id='word_1_101' title='bbox 1359 877 1462 914; x_wconf 89' lang='lat' dir='ltr'>cordi</span> <span class='ocrx_word' id='word_1_102' title='bbox 1489 880 1702 926; x_wconf 78' lang='lat' dir='ltr'>propiorem</span> 
     </span>
     <span class='ocr_line' id='line_1_12' title="bbox 99 934 1701 987; baseline 0.001 -14"><span class='ocrx_word' id='word_1_103' title='bbox 99 937 192 973; x_wconf 80' lang='lat' dir='ltr'>ultra</span> <span class='ocrx_word' id='word_1_104' title='bbox 220 944 357 985; x_wconf 88' lang='lat' dir='ltr'>partem</span> <span class='ocrx_word' id='word_1_105' title='bbox 385 937 621 974; x_wconf 78' lang='lat' dir='ltr'>remotiorem</span> <span class='ocrx_word' id='word_1_106' title='bbox 644 936 827 983; x_wconf 85' lang='lat' dir='ltr'>protrudit</span> <span class='ocrx_word' id='word_1_107' title='bbox 857 935 910 980; x_wconf 83' lang='lat' dir='ltr'>(e</span> <span class='ocrx_word' id='word_1_108' title='bbox 927 934 946 987; x_wconf 90' lang='lat'><em>)</em></span> <span class='ocrx_word' id='word_1_109' title='bbox 963 962 974 979; x_wconf 80' lang='grc'>,</span> <span class='ocrx_word' id='word_1_110' title='bbox 999 938 1248 987; x_wconf 83' lang='lat' dir='ltr'>angulumque</span> <span class='ocrx_word' id='word_1_111' title='bbox 1274 936 1442 974; x_wconf 82' lang='lat' dir='ltr'>flexionis</span> <span class='ocrx_word' id='word_1_112' title='bbox 1468 937 1587 974; x_wconf 86' lang='lat' dir='ltr'>reddit</span> <span class='ocrx_word' id='word_1_113' title='bbox 1620 949 1701 974; x_wconf 85' lang='lat' dir='ltr'>acu-</span> 
     </span>
     <span class='ocr_line' id='line_1_13' title="bbox 101 995 1700 1045; baseline 0.001 -13"><span class='ocrx_word' id='word_1_114' title='bbox 101 997 234 1032; x_wconf 81' lang='lat' dir='ltr'>tiorem</span> <span class='ocrx_word' id='word_1_115' title='bbox 258 1008 265 1031; x_wconf 75' lang='grc' dir='ltr'><strong><em>ε</em></strong></span> <span class='ocrx_word' id='word_1_116' title='bbox 296 996 438 1039; x_wconf 80' lang='lat' dir='ltr'>arterias</span> <span class='ocrx_word' id='word_1_117' title='bbox 471 1007 539 1032; x_wconf 85' lang='lat' dir='ltr'>una</span> <span class='ocrx_word' id='word_1_118' title='bbox 564 995 599 1029; x_wconf 92' lang='lat' dir='ltr'>in</span> <span class='ocrx_word' id='word_1_119' title='bbox 627 996 803 1041; x_wconf 73' lang='lat' dir='ltr'>majorem</span> <span class='ocrx_word' id='word_1_120' title='bbox 830 995 864 1030; x_wconf 68' lang='grc' dir='ltr'>ὃς</span> <span class='ocrx_word' id='word_1_121' title='bbox 883 996 1163 1044; x_wconf 87' lang='lat' dir='ltr'>amplitudinem</span> <span class='ocrx_word' id='word_1_122' title='bbox 1195 998 1230 1035; x_wconf 86' lang='lat'>&amp;</span> <span class='ocrx_word' id='word_1_123' title='bbox 1254 995 1525 1043; x_wconf 79' lang='lat' dir='ltr'>longitudinem</span> <span class='ocrx_word' id='word_1_124' title='bbox 1558 996 1700 1045; x_wconf 87' lang='lat' dir='ltr'>produ-</span> 
     </span>
     <span class='ocr_line' id='line_1_14' title="bbox 101 1048 1699 1104; baseline 0.001 -14"><span class='ocrx_word' id='word_1_125' title='bbox 101 1055 150 1090; x_wconf 85' lang='lat' dir='ltr'>cit</span> <span class='ocrx_word' id='word_1_126' title='bbox 174 1048 255 1104; x_wconf 86' lang='lat' dir='ltr'>(f)</span> <span class='ocrx_word' id='word_1_127' title='bbox 274 1083 282 1096; x_wconf 89' lang='lat'>‚</span> <span class='ocrx_word' id='word_1_128' title='bbox 315 1053 350 1089; x_wconf 89' lang='lat'>&amp;</span> <span class='ocrx_word' id='word_1_129' title='bbox 379 1053 551 1091; x_wconf 69' lang='lat' dir='ltr'>haetenus</span> <span class='ocrx_word' id='word_1_130' title='bbox 576 1054 627 1088; x_wconf 83' lang='lat' dir='ltr'>vis</span> <span class='ocrx_word' id='word_1_131' title='bbox 654 1065 671 1089; x_wconf 88' lang='lat' dir='ltr'>a</span> <span class='ocrx_word' id='word_1_132' title='bbox 699 1054 810 1090; x_wconf 88' lang='lat' dir='ltr'>corde</span> <span class='ocrx_word' id='word_1_133' title='bbox 836 1064 982 1103; x_wconf 86' lang='lat' dir='ltr'>accepta</span> <span class='ocrx_word' id='word_1_134' title='bbox 1010 1056 1047 1090; x_wconf 86' lang='lat' dir='ltr'>iu</span> <span class='ocrx_word' id='word_1_135' title='bbox 1071 1055 1125 1092; x_wconf 90' lang='lat' dir='ltr'>his</span> <span class='ocrx_word' id='word_1_136' title='bbox 1153 1054 1418 1093; x_wconf 80' lang='lat' dir='ltr'>mutationibus</span> <span class='ocrx_word' id='word_1_137' title='bbox 1444 1054 1669 1092; x_wconf 86' lang='lat' dir='ltr'>consumitur</span> <span class='ocrx_word' id='word_1_138' title='bbox 1688 1085 1699 1099; x_wconf 86' lang='lat'><em>‚</em></span> 
     </span>
     <span class='ocr_line' id='line_1_15' title="bbox 100 1108 1703 1162; baseline 0.002 -13"><span class='ocrx_word' id='word_1_139' title='bbox 100 1119 315 1162; x_wconf 84' lang='lat' dir='ltr'>tantumque</span> <span class='ocrx_word' id='word_1_140' title='bbox 347 1112 491 1151; x_wconf 86' lang='lat' dir='ltr'>decedit</span> <span class='ocrx_word' id='word_1_141' title='bbox 518 1108 636 1149; x_wconf 78' lang='lat' dir='ltr'>motui</span> <span class='ocrx_word' id='word_1_142' title='bbox 665 1111 913 1160; x_wconf 82' lang='lat' dir='ltr'>progreffivo,</span> <span class='ocrx_word' id='word_1_143' title='bbox 944 1116 1175 1162; x_wconf 85' lang='lat' dir='ltr'>quantumin</span> <span class='ocrx_word' id='word_1_144' title='bbox 1200 1113 1412 1152; x_wconf 85' lang='lat' dir='ltr'>arteriarum</span> <span class='ocrx_word' id='word_1_145' title='bbox 1441 1112 1562 1161; x_wconf 84' lang='lat' dir='ltr'>figuris</span> <span class='ocrx_word' id='word_1_146' title='bbox 1586 1121 1703 1152; x_wconf 56' lang='lat' dir='ltr'>muta-&gt;2</span> 
     </span>
     <span class='ocr_line' id='line_1_16' title="bbox 99 1171 1704 1222; baseline 0.001 -14"><span class='ocrx_word' id='word_1_147' title='bbox 99 1178 170 1208; x_wconf 82' lang='lat' dir='ltr'>tur.</span> <span class='ocrx_word' id='word_1_148' title='bbox 214 1171 358 1209; x_wconf 75' lang='lat' dir='ltr'>Deinde</span> <span class='ocrx_word' id='word_1_149' title='bbox 383 1172 590 1220; x_wconf 88' lang='lat' dir='ltr'>responderi</span> <span class='ocrx_word' id='word_1_150' title='bbox 615 1172 753 1222; x_wconf 86' lang='lat' dir='ltr'>potest,</span> <span class='ocrx_word' id='word_1_151' title='bbox 779 1171 888 1220; x_wconf 88' lang='lat' dir='ltr'>paulo</span> <span class='ocrx_word' id='word_1_152' title='bbox 916 1173 997 1222; x_wconf 84' lang='lat' dir='ltr'>post</span> <span class='ocrx_word' id='word_1_153' title='bbox 1013 1199 1025 1216; x_wconf 82' lang='lat'><strong><em>,</em></strong></span> <span class='ocrx_word' id='word_1_154' title='bbox 1048 1174 1086 1209; x_wconf 88' lang='lat' dir='ltr'>in</span> <span class='ocrx_word' id='word_1_155' title='bbox 1103 1176 1237 1210; x_wconf 79' lang='lat' dir='ltr'>arteriae</span> <span class='ocrx_word' id='word_1_156' title='bbox 1258 1172 1386 1222; x_wconf 86' lang='lat' dir='ltr'>systole</span> <span class='ocrx_word' id='word_1_157' title='bbox 1403 1199 1411 1214; x_wconf 92' lang='lat'><strong>,</strong></span> <span class='ocrx_word' id='word_1_158' title='bbox 1430 1171 1606 1209; x_wconf 77' lang='lat' dir='ltr'>flexiones</span> <span class='ocrx_word' id='word_1_159' title='bbox 1624 1185 1704 1210; x_wconf 89' lang='lat' dir='ltr'>om-</span> 
     </span>
     <span class='ocr_line' id='line_1_17' title="bbox 100 1230 1702 1279; baseline 0.002 -13"><span class='ocrx_word' id='word_1_160' title='bbox 100 1242 162 1267; x_wconf 89' lang='lat' dir='ltr'>nes</span> <span class='ocrx_word' id='word_1_161' title='bbox 188 1232 224 1266; x_wconf 90' lang='lat' dir='ltr'>in</span> <span class='ocrx_word' id='word_1_162' title='bbox 251 1232 413 1279; x_wconf 88' lang='lat' dir='ltr'>priorem</span> <span class='ocrx_word' id='word_1_163' title='bbox 441 1231 654 1268; x_wconf 80' lang='lat' dir='ltr'>brevitatem</span> <span class='ocrx_word' id='word_1_164' title='bbox 683 1231 821 1273; x_wconf 89' lang='lat' dir='ltr'>redire,</span> <span class='ocrx_word' id='word_1_165' title='bbox 857 1232 1032 1279; x_wconf 86' lang='lat' dir='ltr'>angulum</span> <span class='ocrx_word' id='word_1_166' title='bbox 1059 1230 1231 1269; x_wconf 75' lang='lat' dir='ltr'>flexionis</span> <span class='ocrx_word' id='word_1_167' title='bbox 1257 1231 1454 1268; x_wconf 88' lang='lat' dir='ltr'>increscere</span> <span class='ocrx_word' id='word_1_168' title='bbox 1475 1260 1484 1274; x_wconf 92' lang='lat'>‚</span> <span class='ocrx_word' id='word_1_169' title='bbox 1510 1233 1648 1269; x_wconf 73' lang='lat' dir='ltr'>a‘rteriae</span> <span class='ocrx_word' id='word_1_170' title='bbox 1667 1244 1702 1269; x_wconf 87' lang='lat' dir='ltr'>a·</span> 
     </span>
     <span class='ocr_line' id='line_1_18' title="bbox 99 1289 1700 1340; baseline 0.002 -15"><span class='ocrx_word' id='word_1_171' title='bbox 99 1290 163 1325; x_wconf 79' lang='lat' dir='ltr'>xin</span> <span class='ocrx_word' id='word_1_172' title='bbox 191 1291 228 1325; x_wconf 85' lang='lat' dir='ltr'>in</span> <span class='ocrx_word' id='word_1_173' title='bbox 255 1289 289 1325; x_wconf 88' lang='lat' dir='ltr'>se</span> <span class='ocrx_word' id='word_1_174' title='bbox 322 1290 436 1338; x_wconf 89' lang='lat' dir='ltr'>ipsum</span> <span class='ocrx_word' id='word_1_175' title='bbox 457 1290 580 1327; x_wconf 85' lang='lat' dir='ltr'>reduci</span> <span class='ocrx_word' id='word_1_176' title='bbox 611 1315 621 1336; x_wconf 90' lang='lat'>‚</span> <span class='ocrx_word' id='word_1_177' title='bbox 650 1291 685 1326; x_wconf 63' lang='grc' dir='ltr'>ἃ.</span> <span class='ocrx_word' id='word_1_178' title='bbox 711 1290 805 1327; x_wconf 81' lang='lat' dir='ltr'>hanc</span> <span class='ocrx_word' id='word_1_179' title='bbox 825 1291 937 1340; x_wconf 84' lang='lat' dir='ltr'>ipsam</span> <span class='ocrx_word' id='word_1_180' title='bbox 962 1291 1225 1328; x_wconf 84' lang='lat' dir='ltr'>restitutionem</span> <span class='ocrx_word' id='word_1_181' title='bbox 1252 1289 1419 1339; x_wconf 80' lang='lat' dir='ltr'>sanguini</span> <span class='ocrx_word' id='word_1_182' title='bbox 1441 1289 1700 1338; x_wconf 79' lang='lat' dir='ltr'>impulsionem</span> 
     </span>
     <span class='ocr_line' id='line_1_19' title="bbox 100 1348 1700 1399; baseline 0.002 -15"><span class='ocrx_word' id='word_1_183' title='bbox 100 1359 178 1384; x_wconf 80' lang='lat' dir='ltr'>eam</span> <span class='ocrx_word' id='word_1_184' title='bbox 197 1348 368 1392; x_wconf 85' lang='lat' dir='ltr'>reddere,</span> <span class='ocrx_word' id='word_1_185' title='bbox 400 1361 508 1398; x_wconf 83' lang='lat' dir='ltr'>quam</span> <span class='ocrx_word' id='word_1_186' title='bbox 533 1349 739 1386; x_wconf 85' lang='lat' dir='ltr'>arteriarum</span> <span class='ocrx_word' id='word_1_187' title='bbox 768 1350 987 1387; x_wconf 79' lang='lat' dir='ltr'>membranae</span> <span class='ocrx_word' id='word_1_188' title='bbox 1014 1349 1076 1386; x_wconf 85' lang='lat' dir='ltr'>fibi</span> <span class='ocrx_word' id='word_1_189' title='bbox 1099 1350 1302 1388; x_wconf 80' lang='lat' dir='ltr'>sumserant.</span> <span class='ocrx_word' id='word_1_190' title='bbox 1335 1349 1391 1386; x_wconf 82' lang='lat' dir='ltr'>Est</span> <span class='ocrx_word' id='word_1_191' title='bbox 1417 1355 1538 1386; x_wconf 80' lang='lat' dir='ltr'>tamen</span> <span class='ocrx_word' id='word_1_192' title='bbox 1562 1350 1700 1399; x_wconf 83' lang='lat' dir='ltr'>aliquid</span> 
     </span>
     <span class='ocr_line' id='line_1_20' title="bbox 98 1407 1700 1457; baseline 0.001 -14"><span class='ocrx_word' id='word_1_193' title='bbox 98 1408 136 1443; x_wconf 89' lang='lat' dir='ltr'>in</span> <span class='ocrx_word' id='word_1_194' title='bbox 165 1407 232 1444; x_wconf 87' lang='lat' dir='ltr'>hac</span> <span class='ocrx_word' id='word_1_195' title='bbox 249 1410 455 1445; x_wconf 83' lang='lat' dir='ltr'>arteriarum</span> <span class='ocrx_word' id='word_1_196' title='bbox 474 1411 677 1446; x_wconf 83' lang='lat' dir='ltr'>mutatione</span> <span class='ocrx_word' id='word_1_197' title='bbox 693 1436 702 1450; x_wconf 91' lang='lat'>‚</span> <span class='ocrx_word' id='word_1_198' title='bbox 727 1409 828 1456; x_wconf 89' lang='lat' dir='ltr'>quod</span> <span class='ocrx_word' id='word_1_199' title='bbox 849 1421 931 1445; x_wconf 90' lang='lat' dir='ltr'>vere</span> <span class='ocrx_word' id='word_1_200' title='bbox 953 1409 997 1445; x_wconf 91' lang='lat' dir='ltr'>de</span> <span class='ocrx_word' id='word_1_201' title='bbox 1014 1409 1205 1446; x_wconf 85' lang='lat' dir='ltr'>velocitate</span> <span class='ocrx_word' id='word_1_202' title='bbox 1224 1409 1346 1446; x_wconf 87' lang='lat' dir='ltr'>demit.</span> <span class='ocrx_word' id='word_1_203' title='bbox 1386 1407 1516 1445; x_wconf 62' lang='lat' dir='ltr'>Frictio</span> <span class='ocrx_word' id='word_1_204' title='bbox 1542 1419 1700 1457; x_wconf 87' lang='lat' dir='ltr'>nempe,</span> 
     </span>
     <span class='ocr_line' id='line_1_21' title="bbox 100 1465 1703 1516; baseline 0.001 -14"><span class='ocrx_word' id='word_1_205' title='bbox 100 1477 184 1503; x_wconf 87' lang='lat' dir='ltr'>curu</span> <span class='ocrx_word' id='word_1_206' title='bbox 212 1473 346 1504; x_wconf 80' lang='lat' dir='ltr'>mutata</span> <span class='ocrx_word' id='word_1_207' title='bbox 370 1466 525 1511; x_wconf 81' lang='lat' dir='ltr'>elastiei,</span> <span class='ocrx_word' id='word_1_208' title='bbox 549 1465 701 1516; x_wconf 87' lang='lat' dir='ltr'>durique</span> <span class='ocrx_word' id='word_1_209' title='bbox 729 1467 920 1516; x_wconf 84' lang='lat' dir='ltr'>systematis</span> <span class='ocrx_word' id='word_1_210' title='bbox 945 1466 1116 1504; x_wconf 87' lang='lat' dir='ltr'>vasculofi</span> <span class='ocrx_word' id='word_1_211' title='bbox 1145 1467 1258 1515; x_wconf 84' lang='lat' dir='ltr'>figura</span> <span class='ocrx_word' id='word_1_212' title='bbox 1276 1498 1285 1511; x_wconf 91' lang='lat'>,</span> <span class='ocrx_word' id='word_1_213' title='bbox 1318 1466 1474 1515; x_wconf 83' lang='lat' dir='ltr'>plurima</span> <span class='ocrx_word' id='word_1_214' title='bbox 1504 1467 1703 1516; x_wconf 75' lang='lat' dir='ltr'>conjungi-</span> 
     </span>
     <span class='ocr_line' id='line_1_22' title="bbox 101 1525 1702 1575; baseline 0.002 -15"><span class='ocrx_word' id='word_1_215' title='bbox 101 1531 160 1561; x_wconf 80' lang='lat' dir='ltr'>tur</span> <span class='ocrx_word' id='word_1_216' title='bbox 186 1537 193 1560; x_wconf 93' lang='lat'>:</span> <span class='ocrx_word' id='word_1_217' title='bbox 217 1525 276 1562; x_wconf 90' lang='lat' dir='ltr'>sed</span> <span class='ocrx_word' id='word_1_218' title='bbox 298 1526 412 1562; x_wconf 62' lang='lat' dir='ltr'>frictio</span> <span class='ocrx_word' id='word_1_219' title='bbox 430 1555 438 1568; x_wconf 86' lang='lat'>‚</span> <span class='ocrx_word' id='word_1_220' title='bbox 466 1528 518 1563; x_wconf 89' lang='lat' dir='ltr'>uti</span> <span class='ocrx_word' id='word_1_221' title='bbox 549 1526 773 1563; x_wconf 83' lang='lat' dir='ltr'>notissimum</span> <span class='ocrx_word' id='word_1_222' title='bbox 804 1527 850 1563; x_wconf 82' lang='lat' dir='ltr'>est</span> <span class='ocrx_word' id='word_1_223' title='bbox 866 1553 877 1570; x_wconf 84' lang='lat'>‚</span> <span class='ocrx_word' id='word_1_224' title='bbox 902 1529 937 1563; x_wconf 89' lang='lat' dir='ltr'>in</span> <span class='ocrx_word' id='word_1_225' title='bbox 971 1527 1140 1564; x_wconf 87' lang='lat' dir='ltr'>omnibus</span> <span class='ocrx_word' id='word_1_226' title='bbox 1166 1527 1342 1563; x_wconf 85' lang='lat' dir='ltr'>machinis</span> <span class='ocrx_word' id='word_1_227' title='bbox 1365 1527 1540 1572; x_wconf 86' lang='lat' dir='ltr'>majorem</span> <span class='ocrx_word' id='word_1_228' title='bbox 1563 1534 1702 1575; x_wconf 79' lang='lat' dir='ltr'>partem</span> 
     </span>
     <span class='ocr_line' id='line_1_23' title="bbox 101 1583 1704 1637; baseline 0.002 -19"><span class='ocrx_word' id='word_1_229' title='bbox 101 1583 269 1631; x_wconf 86' lang='lat' dir='ltr'>impensae</span> <span class='ocrx_word' id='word_1_230' title='bbox 295 1585 485 1622; x_wconf 84' lang='lat' dir='ltr'>celeritatis</span> <span class='ocrx_word' id='word_1_231' title='bbox 515 1586 673 1622; x_wconf 88' lang='lat' dir='ltr'>destruit.</span> <span class='ocrx_word' id='word_1_232' title='bbox 716 1584 841 1629; x_wconf 80' lang='lat' dir='ltr'>Quare</span> <span class='ocrx_word' id='word_1_233' title='bbox 867 1585 913 1625; x_wconf 89' lang='lat' dir='ltr'>de</span> <span class='ocrx_word' id='word_1_234' title='bbox 938 1585 1005 1622; x_wconf 87' lang='lat' dir='ltr'>hac</span> <span class='ocrx_word' id='word_1_235' title='bbox 1038 1584 1293 1624; x_wconf 69' lang='lat' dir='ltr'>retardationis</span> <span class='ocrx_word' id='word_1_236' title='bbox 1326 1583 1426 1623; x_wconf 84' lang='lat' dir='ltr'>causa</span> <span class='ocrx_word' id='word_1_237' title='bbox 1457 1584 1564 1623; x_wconf 75' lang='lat' dir='ltr'>liceat</span> <span class='ocrx_word' id='word_1_238' title='bbox 1599 1596 1704 1637; x_wconf 84' lang='lat' dir='ltr'>repe-</span> 
     </span>
    </p>
   </div>
   <div class='ocr_carea' id='block_1_5' title="bbox 101 1642 306 1695">
    <p class='ocr_par' dir='ltr' id='par_1_5' title="bbox 101 1642 306 1695">
     <span class='ocr_line' id='line_1_24' title="bbox 101 1642 306 1695; baseline 0.005 -17"><span class='ocrx_word' id='word_1_239' title='bbox 101 1648 175 1679; x_wconf 84' lang='lat' dir='ltr'>tere</span> <span class='ocrx_word' id='word_1_240' title='bbox 206 1642 264 1695; x_wconf 82' lang='lat' dir='ltr'>(g</span> <span class='ocrx_word' id='word_1_241' title='bbox 280 1645 306 1687; x_wconf 84' lang='lat'>).</span> 
     </span>
    </p>
   </div>
   <div class='ocr_carea' id='block_1_6' title="bbox 157 1755 1643 1874">
    <p class='ocr_par' dir='ltr' id='par_1_6' title="bbox 157 1755 1643 1874">
     <span class='ocr_line' id='line_1_25' title="bbox 157 1755 1643 1819; baseline 0.004 -25"><span class='ocrx_word' id='word_1_242' title='bbox 157 1762 189 1803; x_wconf 58' lang='grc' dir='ltr'>ς.</span> <span class='ocrx_word' id='word_1_243' title='bbox 232 1757 339 1796; x_wconf 80' lang='lat' dir='ltr'>XIV.</span> <span class='ocrx_word' id='word_1_244' title='bbox 404 1755 451 1798; x_wconf 83' lang='lat' dir='ltr'><em>V</em></span> <span class='ocrx_word' id='word_1_245' title='bbox 450 1770 527 1799; x_wconf 72' lang='lat' dir='ltr'>erae</span> <span class='ocrx_word' id='word_1_246' title='bbox 550 1756 672 1814; x_wconf 67' lang='lat' dir='ltr'>fauste</span> <span class='ocrx_word' id='word_1_247' title='bbox 696 1758 974 1801; x_wconf 75' lang='lat' dir='ltr'>retardationis</span> <span class='ocrx_word' id='word_1_248' title='bbox 1003 1757 1041 1800; x_wconf 74' lang='lat'>2¹72</span> <span class='ocrx_word' id='word_1_249' title='bbox 1062 1770 1168 1801; x_wconf 72' lang='lat' dir='ltr'>motu</span> <span class='ocrx_word' id='word_1_250' title='bbox 1178 1756 1383 1816; x_wconf 71' lang='lat' dir='ltr'>fiztzgztz&#39;nis</span> <span class='ocrx_word' id='word_1_251' title='bbox 1405 1758 1643 1819; x_wconf 64' lang='lat' dir='ltr'>Frogrcffvo</span> 
     </span>
     <span class='ocr_line' id='line_1_26' title="bbox 730 1816 1003 1874; baseline -0.007 -15"><span class='ocrx_word' id='word_1_252' title='bbox 730 1816 1003 1874; x_wconf 65' lang='lat' dir='ltr'>fibrzafiwztis.</span> 
     </span>
    </p>
   </div>
   <div class='ocr_carea' id='block_1_7' title="bbox 100 1930 1703 2047">
    <p class='ocr_par' dir='ltr' id='par_1_7' title="bbox 100 1930 1703 2047">
     <span class='ocr_line' id='line_1_27' title="bbox 186 1930 1702 1990; baseline 0.003 -19"><span class='ocrx_word' id='word_1_253' title='bbox 186 1934 356 1985; x_wconf 79' lang='lat' dir='ltr'>Sequitur</span> <span class='ocrx_word' id='word_1_254' title='bbox 384 1942 504 1973; x_wconf 85' lang='lat' dir='ltr'>autem</span> <span class='ocrx_word' id='word_1_255' title='bbox 522 1964 531 1978; x_wconf 96' lang='lat'><strong><em>,</em></strong></span> <span class='ocrx_word' id='word_1_256' title='bbox 557 1942 596 1973; x_wconf 83' lang='lat' dir='ltr'>ut</span> <span class='ocrx_word' id='word_1_257' title='bbox 628 1949 683 1974; x_wconf 89' lang='lat' dir='ltr'>eas</span> <span class='ocrx_word' id='word_1_258' title='bbox 727 1940 845 1976; x_wconf 84' lang='lat' dir='ltr'>causas</span> <span class='ocrx_word' id='word_1_259' title='bbox 873 1939 1166 1983; x_wconf 80' lang='lat' dir='ltr'>confideremus,</span> <span class='ocrx_word' id='word_1_260' title='bbox 1203 1951 1282 1990; x_wconf 73' lang='lat' dir='ltr'>quae</span> <span class='ocrx_word' id='word_1_261' title='bbox 1311 1952 1394 1978; x_wconf 85' lang='lat' dir='ltr'>vere</span> <span class='ocrx_word' id='word_1_262' title='bbox 1418 1930 1648 1977; x_wconf 74' lang='lat' dir='ltr'>velocitatem</span> <span class='ocrx_word' id='word_1_263' title='bbox 1683 1949 1702 1975; x_wconf 87' lang='lat' dir='ltr'>a</span> 
     </span>
     <span class='ocr_line' id='line_1_28' title="bbox 100 1991 1703 2047; baseline 0.002 -17"><span class='ocrx_word' id='word_1_264' title='bbox 100 1993 212 2030; x_wconf 82' lang='lat' dir='ltr'>corde</span> <span class='ocrx_word' id='word_1_265' title='bbox 242 2002 430 2043; x_wconf 82' lang='lat' dir='ltr'>acceptam</span> <span class='ocrx_word' id='word_1_266' title='bbox 471 1991 689 2034; x_wconf 86' lang='lat' dir='ltr'>diminuunt.</span> <span class='ocrx_word' id='word_1_267' title='bbox 745 1997 866 2036; x_wconf 86' lang='lat' dir='ltr'>Primo</span> <span class='ocrx_word' id='word_1_268' title='bbox 896 1999 981 2036; x_wconf 88' lang='lat' dir='ltr'>loco</span> <span class='ocrx_word' id='word_1_269' title='bbox 1023 2012 1102 2037; x_wconf 86' lang='lat' dir='ltr'>earn</span> <span class='ocrx_word' id='word_1_270' title='bbox 1138 1999 1358 2038; x_wconf 79' lang='lat' dir='ltr'>enumerasse</span> <span class='ocrx_word' id='word_1_271' title='bbox 1400 1999 1529 2041; x_wconf 84' lang='lat' dir='ltr'>liceat.</span> <span class='ocrx_word' id='word_1_272' title='bbox 1562 2010 1640 2047; x_wconf 65' lang='lat' dir='ltr'>quae</span> <span class='ocrx_word' id='word_1_273' title='bbox 1662 1995 1703 2034; x_wconf 86' lang='lat' dir='ltr'>fit</span> 
     </span>
    </p>
   </div>
   <div class='ocr_carea' id='block_1_8' title="bbox 99 2053 1704 2111">
    <p class='ocr_par' dir='ltr' id='par_1_8' title="bbox 99 2053 1704 2111">
     <span class='ocr_line' id='line_1_29' title="bbox 99 2053 1704 2111; baseline 0.004 -24"><span class='ocrx_word' id='word_1_274' title='bbox 99 2064 116 2087; x_wconf 82' lang='lat' dir='ltr'>a</span> <span class='ocrx_word' id='word_1_275' title='bbox 155 2053 302 2091; x_wconf 77' lang='lat' dir='ltr'>dilatato</span> <span class='ocrx_word' id='word_1_276' title='bbox 342 2055 432 2091; x_wconf 90' lang='lat' dir='ltr'>tubo</span> <span class='ocrx_word' id='word_1_277' title='bbox 465 2054 639 2092; x_wconf 75' lang='lat' dir='ltr'>arterioso</span> <span class='ocrx_word' id='word_1_278' title='bbox 663 2085 673 2099; x_wconf 89' lang='lat'>‚</span> <span class='ocrx_word' id='word_1_279' title='bbox 698 2054 768 2094; x_wconf 86' lang='lat' dir='ltr'>five</span> <span class='ocrx_word' id='word_1_280' title='bbox 791 2069 810 2095; x_wconf 83' lang='lat' dir='ltr'>a</span> <span class='ocrx_word' id='word_1_281' title='bbox 839 2058 978 2096; x_wconf 86' lang='lat' dir='ltr'>lumine</span> <span class='ocrx_word' id='word_1_282' title='bbox 1008 2061 1128 2098; x_wconf 83' lang='lat' dir='ltr'>trunci</span> <span class='ocrx_word' id='word_1_283' title='bbox 1171 2060 1334 2103; x_wconf 66' lang='lat' dir='ltr'>minori,</span> <span class='ocrx_word' id='word_1_284' title='bbox 1363 2070 1472 2111; x_wconf 82' lang='lat' dir='ltr'>quam</span> <span class='ocrx_word' id='word_1_285' title='bbox 1500 2057 1580 2097; x_wconf 81' lang='lat' dir='ltr'>sunt</span> <span class='ocrx_word' id='word_1_286' title='bbox 1614 2068 1704 2095; x_wconf 89' lang='lat' dir='ltr'>con·</span> 
     </span>
    </p>
   </div>
   <div class='ocr_carea' id='block_1_9' title="bbox 100 2112 1706 2485">
    <p class='ocr_par' dir='ltr' id='par_1_9' title="bbox 100 2112 607 2156">
     <span class='ocr_line' id='line_1_30' title="bbox 100 2112 607 2156; baseline 0.008 -10"><span class='ocrx_word' id='word_1_287' title='bbox 100 2112 215 2156; x_wconf 60' lang='lat' dir='ltr'>juncia</span> <span class='ocrx_word' id='word_1_288' title='bbox 243 2112 380 2150; x_wconf 86' lang='lat' dir='ltr'>lumina</span> <span class='ocrx_word' id='word_1_289' title='bbox 411 2124 607 2150; x_wconf 86' lang='lat' dir='ltr'>ramorum.</span> 
     </span>
    </p>

    <p class='ocr_par' dir='ltr' id='par_1_10' title="bbox 211 2169 1706 2322">
     <span class='ocr_line' id='line_1_31' title="bbox 975 2169 1706 2221; baseline 0.005 -16"><span class='ocrx_word' id='word_1_290' title='bbox 975 2169 1007 2212; x_wconf 82' lang='lat' dir='ltr'><strong>Y</strong></span> <span class='ocrx_word' id='word_1_291' title='bbox 1047 2186 1063 2221; x_wconf 79' lang='lat'>3</span> <span class='ocrx_word' id='word_1_292' title='bbox 1611 2173 1706 2211; x_wconf 89' lang='lat' dir='ltr'>Rem</span> 
     </span>
     <span class='ocr_line' id='line_1_32' title="bbox 214 2245 1248 2290; baseline 0.011 -15"><span class='ocrx_word' id='word_1_293' title='bbox 214 2248 254 2281; x_wconf 74' lang='lat' dir='ltr'>h)</span> <span class='ocrx_word' id='word_1_294' title='bbox 283 2245 299 2273; x_wconf 86' lang='lat' dir='ltr'>S</span> <span class='ocrx_word' id='word_1_295' title='bbox 310 2258 325 2276; x_wconf 88' lang='lat' dir='ltr'>c</span> <span class='ocrx_word' id='word_1_296' title='bbox 337 2258 356 2277; x_wconf 80' lang='lat' dir='ltr'><em>H</em></span> <span class='ocrx_word' id='word_1_297' title='bbox 366 2258 402 2276; x_wconf 89' lang='lat' dir='ltr'>w</span> <span class='ocrx_word' id='word_1_298' title='bbox 416 2257 431 2276; x_wconf 81' lang='lat' dir='ltr'>u</span> <span class='ocrx_word' id='word_1_299' title='bbox 444 2257 463 2275; x_wconf 77' lang='lat' dir='ltr'>N</span> <span class='ocrx_word' id='word_1_300' title='bbox 476 2259 496 2277; x_wconf 73' lang='grc'>1(</span> <span class='ocrx_word' id='word_1_301' title='bbox 509 2257 525 2276; x_wconf 75' lang='grc' dir='ltr'>Ε</span> <span class='ocrx_word' id='word_1_302' title='bbox 549 2249 687 2282; x_wconf 69' lang='lat' dir='ltr'>haenmtol.</span> <span class='ocrx_word' id='word_1_303' title='bbox 709 2262 738 2290; x_wconf 84' lang='lat' dir='ltr'>p.</span> <span class='ocrx_word' id='word_1_304' title='bbox 765 2253 811 2290; x_wconf 56' lang='grc' dir='ltr'>ᾖε.</span> <span class='ocrx_word' id='word_1_305' title='bbox 1244 2257 1248 2258; x_wconf 58' lang='grc'><em>’</em></span> 
     </span>
     <span class='ocr_line' id='line_1_33' title="bbox 211 2287 551 2322; baseline 0.006 -6"><span class='ocrx_word' id='word_1_306' title='bbox 211 2288 249 2322; x_wconf 88' lang='lat' dir='ltr'>c)</span> <span class='ocrx_word' id='word_1_307' title='bbox 274 2287 458 2318; x_wconf 72' lang='lat' dir='ltr'>HENREL</span> <span class='ocrx_word' id='word_1_308' title='bbox 480 2288 551 2318; x_wconf 79' lang='lat' dir='ltr'>ibid.</span> 
     </span>
    </p>

    <p class='ocr_par' dir='ltr' id='par_1_11' title="bbox 212 2329 379 2362">
     <span class='ocr_line' id='line_1_34' title="bbox 212 2329 379 2362; baseline 0.024 -6"><span class='ocrx_word' id='word_1_309' title='bbox 212 2329 230 2356; x_wconf 81' lang='lat' dir='ltr'>d</span> <span class='ocrx_word' id='word_1_310' title='bbox 245 2329 258 2362; x_wconf 94' lang='lat'>)</span> <span class='ocrx_word' id='word_1_311' title='bbox 276 2337 303 2356; x_wconf 80' lang='lat' dir='ltr'>n,</span> <span class='ocrx_word' id='word_1_312' title='bbox 332 2339 379 2360; x_wconf 87' lang='lat'>20.</span> 
     </span>
    </p>

    <p class='ocr_par' dir='ltr' id='par_1_12' title="bbox 211 2367 966 2485">
     <span class='ocr_line' id='line_1_35' title="bbox 212 2367 966 2443; baseline 0.009 -46"><span class='ocrx_word' id='word_1_313' title='bbox 212 2368 250 2443; x_wconf 41' lang='grc' dir='ltr'>«ἐξ</span> <span class='ocrx_word' id='word_1_314' title='bbox 276 2370 368 2398; x_wconf 80' lang='lat' dir='ltr'>Mem.</span> <span class='ocrx_word' id='word_1_315' title='bbox 382 2367 437 2407; x_wconf 77' lang='lat' dir='ltr'>ficr</span> <span class='ocrx_word' id='word_1_316' title='bbox 459 2372 482 2400; x_wconf 87' lang='lat' dir='ltr'>Ie</span> <span class='ocrx_word' id='word_1_317' title='bbox 503 2381 597 2403; x_wconf 81' lang='lat' dir='ltr'>mouv.</span> <span class='ocrx_word' id='word_1_318' title='bbox 612 2374 652 2403; x_wconf 81' lang='lat' dir='ltr'>du</span> <span class='ocrx_word' id='word_1_319' title='bbox 661 2371 735 2412; x_wconf 65' lang='lat' dir='ltr'>shng</span> <span class='ocrx_word' id='word_1_320' title='bbox 754 2373 821 2412; x_wconf 62' lang='lat' dir='ltr'>Erp.</span> <span class='ocrx_word' id='word_1_321' title='bbox 847 2375 895 2408; x_wconf 65' lang='lat'>435.</span> <span class='ocrx_word' id='word_1_322' title='bbox 919 2374 966 2410; x_wconf 52' lang='lat'>55⁶,</span> 
     </span>
     <span class='ocr_line' id='line_1_36' title="bbox 211 2451 257 2485; baseline -0.022 0"><span class='ocrx_word' id='word_1_323' title='bbox 211 2460 229 2485; x_wconf 73' lang='lat' dir='ltr'><em>g</em></span> <span class='ocrx_word' id='word_1_324' title='bbox 243 2451 257 2484; x_wconf 85' lang='lat'><em>)</em></span> 
     </span>
    </p>
   </div>
   <div class='ocr_carea' id='block_1_10' title="bbox 272 2411 489 2489">
    <p class='ocr_par' dir='ltr' id='par_1_13' title="bbox 272 2411 489 2489">
     <span class='ocr_line' id='line_1_37' title="bbox 272 2411 489 2449; baseline 0.023 -12"><span class='ocrx_word' id='word_1_325' title='bbox 272 2411 342 2446; x_wconf 75' lang='lat' dir='ltr'>Exp.</span> <span class='ocrx_word' id='word_1_326' title='bbox 370 2415 417 2446; x_wconf 78' lang='lat'>48.</span> <span class='ocrx_word' id='word_1_327' title='bbox 446 2420 489 2449; x_wconf 72' lang='lat'>57=</span> 
     </span>
     <span class='ocr_line' id='line_1_38' title="bbox 281 2459 379 2489; baseline 0.02 -11"><span class='ocrx_word' id='word_1_328' title='bbox 281 2459 310 2479; x_wconf 87' lang='lat' dir='ltr'>n.</span> <span class='ocrx_word' id='word_1_329' title='bbox 333 2459 379 2489; x_wconf 87' lang='lat'>23.</span> 
     </span>
    </p>
   </div>
  </div>
 </body>
</html>
