1968 2706
223 176 306 220 4⁶8
577 155 856 202 MRVII.
922 145 1107 200 SECT.
1149 157 1266 201 ΙΙΙ.
1310 156 1561 206 ὉΑυειΕ

222 273 285 306 aut
310 261 495 304 iliacarum
518 271 612 305 una,
647 266 709 297 aut
736 257 992 309 hypogastrica
1020 256 1170 296 demum
1198 258 1256 297 vel
1289 259 1462 305 coeliaca,
1485 262 1542 299 vel
1559 262 1789 307 mesenterica
1817 294 1830 312 ‚

221 324 378 378 accipiet
401 331 497 364 certe
521 332 583 358 ren
600 349 610 364 ,
639 321 678 357 in
703 318 847 368 singulo
879 318 1007 368 pulsu,
1036 327 1194 368 quatuor
1213 319 1395 369 sanguinis
1424 321 1613 371 scrupulos
1632 350 1643 371 ‚
1676 326 1714 362 in
1738 328 1830 367 hora

218 389 314 429 adeo
348 382 534 434 scrupulos
573 389 712 427 19230
745 378 814 417 five
840 378 948 418 libras
972 380 1261 430 quinquaginta,
1292 380 1331 417 in
1358 379 1417 419 die
1447 380 1555 421 libras
1605 393 1718 423 1200
1747 414 1760 431 ,
1787 389 1827 426 in

224 461 276 497 50
302 447 403 486 annis
436 444 542 481 libras
568 452 615 480 21
652 452 770 486 900,
800 449 896 479 000.

301 506 413 545 Nunc
444 515 491 541 ex
516 502 685 539 onmium
711 500 978 538 fert-uentorum
1006 496 1181 546 exemplo
1208 499 1373 545 constat,
1406 489 1593 551 nunquam
1622 503 1714 541 vires
1741 505 1830 552 ejus-

216 568 317 605 modi
345 565 512 613 corporis
543 561 674 610 abique
705 558 772 596 suis
796 558 927 597 finibus
959 558 1056 602 effe,
1085 557 1144 595 sed
1175 560 1299 607 utique
1325 565 1460 597 certam
1484 561 1656 601 fermenti.
1677 564 1721 601 ad
1750 575 1830 601 eam

216 625 360 664 maffim
383 622 669 675 proportionem
702 618 864 668 requiri,
890 630 1000 669 quam
1035 619 1245 656 mutandam
1270 616 1426 668 suscipi&
1470 618 1615 659 Deinde
1641 634 1718 659 non
1745 634 1828 659 om-

217 698 280 723 nes
307 684 391 720 sales
417 681 588 720 fermenti
621 678 736 716 modo
769 678 802 716 se
825 679 987 723 habere,
1019 679 1135 728 inque
1172 676 1266 714 suam
1298 686 1462 716 naturam
1492 680 1638 719 admista
1669 694 1827 730 corpora

218 750 457 788 convertere3
494 753 571 792 quae
597 737 749 789 quidem
779 740 831 776 vis
863 739 937 777 fere
971 749 1087 786 regno
1115 737 1309 785 vegetabili
1346 740 1494 788 propria
1522 737 1563 777 fit
1588 752 1597 776 ε
1627 742 1828 790 omnesque

215 803 405 853 qualitates
436 801 633 839 humorum
648 824 659 846 ‚
689 799 753 848 qui
775 797 820 836 de
843 798 1016 847 sanguine
1034 796 1230 840 secedunt,
1259 797 1436 844 ejusmodi
1451 796 1518 836 esse
1538 828 1548 842 ,
1569 812 1649 850 quae
1666 812 1730 849 per
1744 801 1826 837 nul-

216 863 287 901 iam
313 861 600 900 fermentationis
617 859 774 907 speciem
801 857 943 907 adquiri
967 856 1125 905 possint,
1146 867 1230 893 cum
1254 868 1304 892 eae
1319 869 1447 895 omnes
1468 887 1477 902 ,
1504 860 1630 897 unico·
1645 860 1684 896 in
1705 871 1828 896 exem·

215 923 304 972 pio,
334 919 416 960 olea
448 920 647 959 destruant,
678 924 739 954 aut
773 929 857 954 curn
880 928 973 967 aqua
1001 924 1100 954 certe
1138 916 1284 964 penitas
1321 928 1385 964 per
1411 918 1538 955 intima
1567 918 1823 956 commisceant.

214 983 348 1032 Neque
372 980 467 1017 ullus
489 991 575 1017 acor
599 980 637 1016 in
665 988 786 1014 rerum
812 984 938 1015 natura
961 976 1072 1014 exstat
1090 1004 1101 1019 ‚
1136 975 1300 1012 ullumve
1320 975 1396 1013 salis
1422 989 1559 1026 genus,
1587 978 1690 1028 quod
1706 978 1826 1016 subito

214 1042 261 1079 de
290 1040 472 1090 sanguinis
495 1047 596 1088 parte
622 1037 763 1075 urinam
790 1045 850 1075 aut
873 1035 1055 1075 conficere
1086 1034 1193 1084 poffit
1217 1063 1226 1079 ‚
1252 1041 1314 1072 aut
1346 1048 1386 1073 ea
1416 1037 1601 1076 celeritate
1631 1038 1788 1086 separare
1812 1067 1824 1081 ‚

214 1114 287 1151 qua
319 1102 356 1137 in
386 1099 539 1136 homine
575 1097 717 1137 secedit.
777 1096 916 1135 Omnia
951 1095 1048 1133 enim
1079 1095 1284 1138 fermenta,
1319 1101 1360 1132 ut
1388 1096 1453 1134 alia
1481 1108 1635 1146 corpora
1658 1098 1696 1133 iu
1727 1092 1833 1135 suam'

212 1168 379 1198 naturam
408 1164 577 1202 mutent,
606 1159 642 1195 Sc
674 1162 843 1205 tempore
867 1162 977 1205 egent
1004 1184 1013 1198 ,
1044 1155 1079 1192 δε
1106 1165 1215 1197 aere,
1243 1155 1277 1190 Sc
1304 1154 1435 1202 amplis
1465 1155 1576 1198 vafis,
1612 1155 1648 1192 &
1677 1155 1826 1193 tardiffi.

211 1232 276 1257 mo
303 1226 434 1261 mom,
464 1225 525 1255 aut
556 1217 664 1267 plena
691 1218 812 1265 quiete
833 1214 879 1265 (y
894 1217 924 1264 ).
960 1212 1049 1252 Haec
1077 1213 1265 1263 aliquanto
1295 1212 1402 1250 fufius
1423 1216 1576 1264 repetii,
1605 1215 1707 1264 quod
1734 1213 1820 1257 alia,

213 1291 328 1329 eaque
355 1277 588 1316 celeberrima
619 1274 829 1324 hypothefis
855 1276 930 1313 fere
966 1273 1119 1317 iisdem,
1138 1272 1268 1322 quibus
1300 1271 1477 1312 fermenta
1496 1302 1506 1317 ,
1539 1274 1633 1312 vitiis
1658 1273 1825 1312 obnoxia

210 1336 274 1382 fit,
306 1340 340 1375 Sc
360 1349 425 1388 per
454 1336 595 1375 easdem
623 1333 739 1374 causae
765 1341 960 1373 evertatur.

599 1482 623 1505 ,
690 1458 722 1499 5.
769 1451 865 1492 XX
878 1450 894 1489 1
911 1450 966 1490 X
1013 1445 1206 1489 Pororum
1228 1447 1375 1503 figma.

296 1574 457 1614 Celebris
483 1572 544 1610 iile
573 1571 833 1622 hypothesium
856 1570 980 1609 austor
1005 1565 1182 1609 Romanas
1211 1568 1477 1607 DEScAnTE
1494 1580 1512 1608 s
1534 1581 1602 1621 per
1626 1576 1725 1620 aptas
1755 1571 1824 1610 suis

210 1635 341 1673 finibus
364 1644 567 1683 corporum
596 1631 726 1680 figuras
752 1628 843 1683 (Ζ)
874 1631 1038 1668 universa
1071 1630 1144 1667 fere
1177 1636 1312 1667 naturae
1342 1641 1428 1678 ope·
1418 1641 1452 1666 a
1490 1629 1672 1679 explicare
1702 1638 1822 1671 tenta-

210 1696 269 1732 vit.
306 1693 435 1732 IDEM
474 1693 540 1730 etia
546 1704 582 1728 'n
609 1692 808 1731 humorum
837 1693 875 1728 in
900 1691 1060 1728 animato
1084 1694 1240 1738 corpore
1267 1690 1533 1737 separationem
1562 1701 1581 1726 a
1601 1688 1726 1738 figuris
1756 1703 1824 1740 po.

206 1765 335 1791 rorun
365 1752 643 1791 secretoriorum
667 1751 712 1789 ad
741 1749 998 1802 particularum
1030 1749 1333 1787 secernendarum
1357 1747 1488 1796 figuras
1515 1750 1605 1797 aptis
1631 1760 1819 1797 exponere

207 1811 369 1862 1υΓεεῑρίῑ,
433 1809 474 1848 In
507 1808 711 1846 universum
745 1811 837 1847 adeo
876 1820 1013 1855 organa
1047 1809 1236 1845 secretoria
1265 1819 1349 1843 cum
1390 1808 1514 1843 cribris
1553 1809 1818 1855 comparavit,

207 1881 369 1921 quorum
400 1868 578 1906 foramina
602 1867 820 1905 diversarum
858 1867 1057 1914 figurarum
1089 1865 1208 1902 effent.
1265 1864 1413 1901 Deinde
1442 1867 1548 1901 etiam
1574 1866 1613 1902 iu
1647 1865 1822 1915 sanguine

206 1929 359 1968 diversas
385 1925 642 1980 particularum
672 1925 804 1975 figuras
827 1923 942 1964 finxit.
991 1923 1047 1962 Ita
1069 1924 1174 1962 facile
1198 1924 1321 1967 vides,
1352 1924 1528 1974 cujusque
1558 1923 1682 1973 figurae
1708 1929 1820 1975 parti-

207 1989 303 2028 culas
338 1989 378 2025 in
405 1985 579 2037 sanguine
605 1986 928 2029 circumfluentes,
955 1996 1064 2033 quam
1099 1985 1260 2033 primum
1283 1995 1346 2034 per
1374 1984 1588 2021 consuetum
1614 1983 1820 2026 humorum

208 2049 402 2088 circuitum
429 2047 473 2086 ad
511 2046 570 2084 sua
596 2046 677 2084 cola
705 2044 916 2097 appellunt,
935 2044 980 2081 de
1007 2044 1180 2093 sanguine
1202 2042 1386 2081 secessuras
1411 2055 1420 2080 :
1447 2043 1683 2091 triangulares
1708 2047 1819 2094 parti-

209 2109 301 2146 cuiae
324 2119 389 2156 per
419 2106 656 2154 triangulares
683 2116 796 2156 poros
824 2104 1011 2141 elabentur
1035 2115 1044 2148 3
1073 2101 1379 2153 quadrangulares
1406 2114 1473 2153 per
1509 2114 1621 2151 poros
1659 2110 1819 2153 tetrago-

207 2168 315 2212 nios3
355 2166 522 2203 rotundae
555 2177 617 2214 per
643 2172 771 2202 teretes
806 2163 979 2209 tubulos3
1007 2163 1043 2199 ἂ
1066 2164 1114 2200 ita
1146 2173 1259 2210 porro
1290 2162 1369 2198 aliae
1402 2161 1660 2210 particularum
1693 2161 1818 2212 figurae

207 2226 296 2278 alios
323 2226 512 2264 invenient
545 2236 658 2274 poros
675 2252 684 2267 ,
713 2236 778 2274 per
799 2235 894 2274 quos
913 2223 963 2260 ob
989 2221 1213 2261 adfinitatem
1237 2221 1397 2270 propriae
1435 2221 1558 2270 figurae
1584 2229 1724 2259 exeant.
1750 2223 1818 2261 Ac·

1679 2288 1816 2319 curatas

286 2400 354 2438 (Ψ)
382 2399 565 2431 Bonam
588 2401 622 2430 de
641 2406 711 2431 mot.
732 2400 809 2429 anim
851 2397 885 2429 L.
905 2395 947 2427 ῙῘ.
970 2397 1052 2435 Prop.
1075 2403 1142 2431 136.
1167 2404 1235 2434 ¹37.
1257 2396 1313 2427 &cu

287 2444 350 2479 (z)
373 2441 414 2472 Ut
438 2440 624 2480 magneticas
645 2443 740 2484 figur-z¹
739 2449 758 2472 5
773 2458 782 2474 ,
806 2442 834 2472 δε
855 2438 949 2480 primi
976 2437 1122 2471 elementi
1145 2445 1189 2469 σῃ
1348 2446 1364 2463 ο
