1968 2706
451 142 703 183 MOTUS
773 140 1292 184 PROGRESIVUS.
1635 153 1716 187 213

115 252 190 291 quo
206 240 292 278 tatia
311 239 436 276 arteria
458 237 687 276 contrahatur
705 237 772 283 (m
785 235 799 284 )
814 262 826 281 ‚
849 246 911 274 aut
924 237 1047 274 refesti
1068 237 1111 274 ad
1126 238 1254 274 vermis
1271 234 1427 274 moduni
1439 243 1540 284 repat
1555 264 1564 278 ‚
1588 237 1715 284 utique

108 302 197 347 (n)
223 307 393 348 putarunt
412 326 421 340 ,
452 293 512 334 alii
535 307 630 334 certe
647 296 690 332 ab
709 296 871 334 electrica
898 297 1047 333 scintilla
1068 297 1104 332 in
1126 307 1234 332 aortze
1254 303 1384 333 trunco
1408 295 1598 332 excitatam
1623 307 1714 331 con-

109 359 321 396 tractionem
346 356 599 405 produxerunt
613 353 682 402 (0).
733 355 802 392 Sed
827 355 862 391 &
892 355 1021 392 nervos
1038 355 1177 391 addunt
1191 356 1333 391 arterias
1362 353 1457 391 adire
1482 348 1593 406 (p),
1610 352 1712 402 posse

108 420 203 455 arico
234 418 271 452 iii
295 416 335 451 iis
365 416 458 451 tubis
486 414 522 450 &
558 414 708 450 nimiam
737 415 810 450 vim
843 413 983 456 sensus,
1018 411 1086 450 five
1127 413 1356 449 erethismum
1385 413 1511 449 locum
1547 411 1678 449 habere
1697 437 1711 455 ‚

109 478 145 513 &
177 486 302 511 verum
322 473 467 509 demum
493 471 667 520 spasmum
685 470 743 525 (q
760 473 788 519 ).
839 474 868 509 A
891 472 1029 521 spasmo
1047 473 1183 509 arteriae
1210 471 1330 520 pulsus
1350 472 1474 508 durior
1500 471 1539 508 fit
1559 471 1631 515 Qu
1646 481 1710 506 ες-

108 546 190 571 NA1
222 532 318 582 (r).
361 533 392 568 A
422 530 670 568 contraffione
698 531 869 569 carotidis
891 530 1112 579 spasmodica
1133 530 1327 579 apoplexia
1350 530 1366 577 (
1387 541 1402 567 5
1418 532 1448 578 ).
1499 532 1529 567 A
1557 528 1710 566 convul-

107 593 206 630 sione
229 590 397 627 fibrarum
425 590 619 637 longarum
652 599 760 627 aortae
791 590 980 638 palpitatio
1013 589 1109 636 (t).
1153 589 1319 627 Demum
1356 591 1399 626 ab
1430 590 1630 626 irritatione
1649 600 1709 625 au-

108 653 180 693 ἃᾶ,
210 650 296 686 hinc
319 649 514 686 accelerata
545 649 754 685 arteriarum
777 649 916 686 actione
948 649 1084 685 febrem
1112 648 1275 685 derivant
1304 673 1315 692 ‚
1360 649 1394 684 &
1421 647 1458 683 id
1486 648 1708 695 praecipuum

111 710 137 748 B
154 720 208 746 OE
225 718 439 745 RHAAVII
474 709 661 743 inventum
680 707 747 744 effe
765 736 774 750 ‚
809 709 899 755 grati
928 707 1126 756 praedicant
1151 707 1208 754 (u
1224 708 1253 753 ).
1289 706 1378 744 Inde
1403 708 1474 742 vim
1498 707 1706 742 irritationis

104 779 218 818 porro
248 768 283 804 δι
313 766 606 802 inflammationis
635 765 855 808 deducunt,
888 778 967 815 quae
1004 767 1113 809 facit,
1142 774 1182 803 ut
1215 764 1356 813 sanguis
1382 767 1420 801 in
1447 765 1562 801 aliena
1590 765 1622 800 Sc
1659 763 1709 799 fe-

108 826 186 864 rosa
222 825 298 862 vasti
319 825 477 862 dolentis
504 818 546 860 in
561 825 735 873 exemplo
757 824 857 862 oculi
883 824 1033 862 transeat
1057 824 1073 871 (
1094 836 1121 862 κ
1138 826 1154 873 )
1173 854 1182 868 ,
1213 822 1347 873 absque
1370 823 1489 860 cordis
1515 834 1597 871 ope.

193 883 281 921 Haec
306 886 352 920 ita
383 883 486 920 decet
508 884 695 930 proponi,
727 890 831 920 utne
854 882 955 932 supra
988 896 1116 923 verum
1146 883 1283 934 aliquid
1314 883 1497 920 afficiamus.
1562 879 1709 917 Mulcu-

106 944 195 982 losas
225 944 435 979 arteriarum
476 944 655 989 majorum
690 941 792 978 fibras
835 942 1000 979 distentas
1036 943 1069 980 se
1108 944 1290 981 restituere
1326 953 1401 979 non
1435 942 1484 978 eit
1517 939 1704 976 dubium:

107 1013 230 1051 neque
258 1013 378 1037 carnes
404 1007 565 1036 naturam
593 999 688 1036 suam
724 1001 970 1038 contradilem
1000 1001 1060 1039 hic
1085 1001 1270 1049 deponere
1287 1012 1431 1049 aequum
1450 1000 1497 1036 est
1518 998 1702 1047 suspicatu.

106 1059 222 1107 Qiod
251 1061 294 1096 ab
322 1061 478 1095 externis
508 1060 674 1100 venenis,
690 1067 751 1096 aut
770 1071 788 1095 a
814 1059 918 1095 cultri
933 1059 1069 1096 rasione
1090 1072 1167 1097 non
1190 1060 1447 1097 contrahantur
1469 1060 1602 1095 arteriae
1620 1056 1707 1106 (y),

103 1121 238 1171 partim
260 1131 277 1155 a
297 1118 449 1167 plurima
479 1116 669 1165 superjeeta
693 1116 865 1154 cellulosa
897 1118 966 1155 tela
1003 1119 1150 1166 explico
1167 1144 1178 1161 ,
1202 1130 1281 1167 qnae
1309 1130 1451 1155 carneas
1477 1116 1579 1153 fibras
1619 1128 1708 1164 pro-

110 1181 203 1226 tegit
222 1202 233 1220 ,
265 1178 392 1225 partim
419 1189 436 1212 a
451 1175 618 1213 fibrarum
643 1187 851 1213 carnearum
872 1176 1059 1226 parvitate.
1103 1175 1188 1214 Vim
1206 1188 1373 1224 magnam
1389 1174 1590 1224 exspectare
1615 1181 1709 1211 vetat

105 1237 179 1287 ipsi
211 1247 331 1272 earum
356 1235 522 1272 fibrarum
547 1233 687 1273 exilitas
713 1232 804 1286 (z)
827 1261 839 1279 ,
872 1243 950 1273 tum
980 1235 1095 1273 sensus
1116 1262 1129 1279 ‚
1160 1237 1223 1284 qui
1256 1237 1292 1273 in
1320 1236 1454 1272 arteriis
1482 1245 1546 1282 per
1569 1235 1711 1281 experi-

108 1303 231 1333 menta
259 1296 436 1332 minimus
461 1293 512 1331 est
541 1291 632 1344 (a)
653 1322 662 1336 ,
690 1306 808 1343 neque
836 1306 854 1330 a
877 1294 1116 1332 minutissimis
1143 1295 1261 1332 nervis
1289 1296 1405 1341 maior
1440 1292 1559 1341 potest
1584 1292 1710 1341 exspe-

105 1355 196 1393 stari.
233 1352 497 1390 Convulfiones
525 1352 618 1388 adeo
645 1354 683 1389 in
713 1353 849 1389 arteriis
872 1352 999 1390 locum
1031 1354 1185 1396 habere,
1219 1361 1258 1389 ut
1286 1353 1403 1390 oculis
1435 1350 1597 1400 conspici
1626 1351 1708 1399 pol*-

103 1413 198 1455 fine,
221 1411 323 1448 nullo
367 1412 621 1459 experimento
652 1410 897 1448 confirmatur.
926 1413 1061 1460 Augeri
1094 1412 1304 1449 irritabilem
1341 1419 1504 1447 naturam
1541 1422 1617 1446 non
1655 1422 1708 1446 re-

105 1481 317 1520 pugnavero
338 1496 349 1514 ,
376 1478 416 1506 ut
445 1476 566 1506 tamen
592 1481 671 1506 eam
703 1471 949 1507 mutationem
978 1483 996 1508 a
1019 1469 1150 1507 mentis
1180 1472 1305 1519 potius
1336 1468 1531 1507 subtilitate
1556 1470 1706 1515 excogi-

105 1536 180 1568 tare
203 1528 334 1572 liceat,
360 1539 470 1578 quam
501 1525 670 1566 sensuum
700 1528 909 1565 testimonio
942 1527 1166 1567 confirmare.
1222 1529 1273 1566 Ut
1299 1528 1479 1566 irritabilis
1505 1535 1631 1565 natura
1661 1526 1707 1564 ad

1564 1584 1708 1623 inflam-

190 1701 267 1737 (νη)
286 1699 310 1730 Ζ
322 1709 411 1730 ιΜΜ
424 1711 439 1731 iz
454 1711 475 1733 R
487 1709 515 1732 Μ
530 1710 549 1730 Α
564 1710 617 1730 NN
640 1701 674 1730 de
694 1700 849 1730 irritabilz't.
876 1710 905 1737 p.
923 1711 971 1738 24.
994 1699 1073 1732 adde
1087 1699 1212 1733 Antonii
1224 1701 1260 1731 de
1283 1699 1311 1730 H
1323 1709 1341 1729 Ε
1354 1709 1374 1729 Y
1389 1709 1412 1730 n
1427 1710 1442 1730 Ε
1457 1696 1509 1738 obs.
1533 1705 1581 1738 85.
1601 1699 1626 1730 L
1638 1710 1657 1730 o
1671 1709 1706 1733 R.-

104 1751 157 1776 RY
181 1744 284 1778 Jozcriz.
305 1744 339 1770 de
353 1743 425 1771 merl.
457 1753 542 1778 175⁷,
560 1741 625 1778 Jau.
649 1741 694 1770 Ab
719 1742 790 1771 oleo
811 1740 931 1771 viti-ioli
953 1743 1074 1773 vandei]
1102 1742 1182 1773 Bos
1209 1752 1276 1781 exp.
1299 1753 1328 1774 9-

189 1784 265 1818 (n)
287 1786 342 1812 Des
356 1790 432 1819 part.
455 1785 529 1812 irrit.
552 1781 714 1821 &smfihk
746 1782 822 1820 Exp.
847 1786 910 1820 565.
940 1790 1006 1821 566.
1037 1791 1102 1821 567.

189 1824 261 1859 (o)
288 1823 420 1853 Vanden
447 1823 496 1852 ΒΟ
513 1834 524 1853 s
548 1824 608 1853 diis.
634 1823 685 1853 cit.
716 1822 791 1861 Exp.
815 1834 860 1852 10.

191 1865 256 1901 (p)
282 1863 331 1892 Ni
348 1873 423 1893 cor.
436 1874 456 1893 A
471 1875 481 1893 1
511 1865 530 1892 1.
555 1874 579 1894 C.
611 1875 640 1902 p.
666 1876 689 1901 ς.
715 1863 732 1892 S
747 1875 761 1893 Ε
776 1875 796 1892 N
809 1874 829 1893 A
842 1874 858 1892 c
873 1862 913 1894 T.
936 1863 976 1894 II.
1000 1875 1030 1902 p.
1056 1873 1124 1900 170.
1150 1860 1259 1894 Nervis
1280 1862 1311 1892 iii
1335 1859 1453 1891 arteriae
1472 1859 1600 1890 diastole
1619 1869 1704 1889 coni-

102 1904 202 1944 pressis
227 1925 234 1939 ,
254 1905 285 1935 in
304 1911 413 1934 arteria
435 1911 583 1935 evacuata
604 1905 633 1934 se
658 1904 910 1935 contrahentibus
933 1922 941 1936 ‚
966 1905 1099 1945 systolen
1127 1904 1234 1935 tribuit
1259 1904 1388 1940 Georgius
1411 1901 1494 1932 Cau
1512 1911 1531 1932 Υ
1547 1911 1565 1930 N
1580 1911 1594 1930 ε
1622 1902 1641 1931 l.
1677 1912 1705 1931 c.

126 1971 132 1977 .
164 1955 175 1975 1
203 1955 230 1977 7.

102 1957 122 1986 p
185 1955 257 2025 3(q)
282 1985 335 2015 Nx
351 1996 368 2015 C
381 1995 398 2015 o
411 1995 484 2014 LA!
505 1986 663 2024 bernulmng
691 1986 722 2015 in
743 1985 850 2015 theom
871 1987 933 2016 und
951 1983 1126 2025 prafflscien
1150 1985 1250 2016 theilen
1275 1986 1326 2015 der
1349 1984 1446 2014 medic.
1473 1980 1525 2014 ΙΙΙ
1560 1985 1657 2023 [ἔιὶεβεθ-
1674 1991 1705 2017 n,

108 2037 138 2064 4.
158 2029 213 2058 ἀς.

190 2068 261 2102 (ν)
287 2070 342 2097 Des
354 2066 460 2103 fievres
479 2077 507 2105 p.
530 2077 596 2103 235.

191 2107 253 2144 (sv)
277 2108 331 2136 Mi
344 2118 392 2136 HL
407 2119 421 2138 n
438 2118 449 2136 s
473 2107 503 2137 in
521 2116 601 2136 meas
621 2109 718 2144 primae
736 2105 901 2145 phffiologssae
927 2106 1014 2138 lineas
1036 2119 1066 2148 p.
1091 2117 1162 2140 222-

197 2150 265 2183 (t)
287 2147 312 2178 L
327 2158 401 2178 ANC
414 2160 424 2177 1
437 2159 459 2177 s.
488 2159 515 2186 p.
542 2157 606 2184 129.
635 2150 796 2184 130.eilit.
815 2155 903 2183 1728.

197 2190 275 2225 (u)
297 2187 356 2225 Qu
371 2199 385 2218 ε
398 2199 475 2218 §NA
488 2199 510 2220 π,
534 2194 571 2217 tr.
594 2190 638 2217 des
654 2189 753 2226 fievres
776 2201 805 2229 p.
835 2200 881 2222 77.
907 2201 955 2223 79.

189 2230 260 2265 (x)
287 2230 362 2259 Wn
376 2240 395 2260 Y
411 2239 434 2260 ‘1'
455 2239 477 2259 ‘r
504 2228 646 2267 phyfiolog.
674 2228 758 2269 qssiiys
783 2242 810 2270 p.
837 2236 885 2264 46.

189 2272 260 2307 (y)
283 2270 320 2312 In
345 2271 453 2300 nostris
481 2276 696 2307 experimentis
715 2278 753 2300 tr.
779 2274 811 2300 de
838 2272 866 2299 la
885 2267 1072 2310 naturefizgs',
1093 2271 1131 2307 ἒξ
1152 2271 1225 2304 irrit.
1253 2283 1281 2312 p.
1310 2281 1381 2307 274.
1410 2270 1542 2303 Rzmu
1558 2281 1568 2300 s
1604 2281 1633 2310 p.
1659 2277 1705 2309 57.

106 2316 154 2347 48.
171 2310 336 2380 vandeiiLss
347 2320 394 2380 (ᾖε
417 2320 480 2348 exp.
503 2320 546 2339 10.
578 2319 622 2340 11.
648 2309 837 2342 Cannas
863 2309 895 2341 iii
919 2312 1023 2351 epfiom
1047 2313 1117 2351 [Ρ.
1147 2321 1212 2351 333.

193 2354 263 2387 (z)
314 2375 320 2381 .
380 2375 386 2381 .
412 2361 441 2389 p.
468 2356 515 2380 62..

189 2391 380 2429 (a)J,.,i1,
404 2402 433 2432 p.
457 2402 503 2428 70·
547 2387 777 2428 Fons-Anii
807 2392 877 2432 Exp-
900 2402 948 2430 43·
976 2403 1025 2433 45·
