1968 2706
575 167 750 208 MOT1
811 166 1175 206 EFFECTUS.
1610 177 1690 216 283

100 280 182 310 rum
205 267 252 306 de
276 265 464 305 nonnullis
494 265 676 314 sanguinis
703 262 849 301 dotibus
876 263 986 300 nimia
1012 275 1051 300 ea
1077 262 1153 313 spes
1182 262 1303 307 foret,
1323 260 1572 314 suffeceritque
1601 267 1699 305 inte-

99 331 167 368 rim
185 357 197 374 ,
223 325 381 377 aliquam
411 335 550 375 partem
575 325 650 362 veri
669 321 893 372 perspexisse.
930 321 1131 360 Existimavi
1147 348 1158 366 ,
1182 323 1216 359 ἃ
1243 322 1318 359 aliis
1345 322 1435 360 locis
1455 323 1552 362 idem
1574 325 1699 375 sequar

98 388 291 428 confilium
307 415 317 430 ,
337 387 477 433 optime
500 397 560 424 me
585 383 766 424 asturum,
792 381 816 418 fi
835 391 1104 430 geometrarum
1139 383 1295 419 rationes
1320 381 1480 425 secutus,
1508 384 1696 432 problema

99 461 168 498 pro
186 447 303 485 soluto
318 471 330 489 ‚
355 446 389 482 &
404 446 648 494 aequationem
664 454 732 491 pro
748 441 945 479 construfla
961 441 1140 479 haberem.
1179 441 1220 478 ld
1236 441 1295 477 fiet
1311 470 1320 483 ,
1347 441 1372 478 fi
1384 442 1488 480 dotes
1514 443 1695 492 sanguinis

100 508 174 545 vivi
188 505 346 544 hominis
362 504 436 541 vasa
449 503 613 551 legitime
625 499 846 551 perfluentis‚
869 513 952 539 cum
968 500 1146 549 sanguinis
1159 502 1194 537 in
1207 502 1443 547 integerrimo
1460 502 1629 541 cadavere
1643 516 1697 542 re-

99 566 186 604 stitis
205 594 216 609 ,
244 562 470 610 &sanguinis
485 575 532 601 ex
557 563 641 601 vasis
662 559 799 604 emisti,
820 562 856 597 δε
873 561 1052 610 sanguinis
1072 561 1220 598 demum
1238 561 1276 598 in
1290 560 1358 597 suis
1377 560 1483 604 vasis,
1501 570 1560 599 aut
1582 563 1697 612 quies-

100 626 214 663 centis
230 651 239 666 ,
262 630 322 659 aut
347 621 513 660 debiliter
534 625 628 661 moti
647 627 771 659 natura
798 619 1080 670 comparaverim.
1111 619 1169 657 Eae
1195 621 1291 656 enim
1313 620 1416 656 dotes
1435 633 1563 658 omnes
1584 650 1593 665 ,
1618 634 1699 671 quae

100 683 183 722 sunt
205 684 242 719 in
271 683 356 719 vivo
385 688 564 732 motoque
588 682 763 731 sanguine
782 705 793 724 ‚
811 681 847 718 δε
871 693 949 731 quae
970 681 1007 718 in
1023 681 1193 727 sanguine
1209 678 1305 716 lente
1332 687 1437 717 moto
1462 682 1697 725 minuuntur,

95 754 120 781 a
147 742 317 790 sanguine·
336 752 423 779 vero
439 742 644 790 quiescente
661 740 814 786 absunt,
834 752 883 777 eae
906 752 1032 778 onmes
1049 751 1066 776 a
1080 748 1184 777 motu
1199 738 1447 787 proculdubio
1473 739 1669 788 sequuntur
1683 770 1695 784 ,

97 803 165 851 qui
189 800 282 838 solus
312 802 348 837 in
375 800 429 838 his
457 804 632 855 exemplis
663 800 828 849 sanguini
855 807 916 837 aut
942 802 1084 848 integer
1112 804 1255 847 ereptus
1286 798 1336 836 est
1360 827 1370 841 ,
1406 805 1466 836 aut
1496 810 1574 847 pars
1613 800 1713 836 iub-'

96 861 218 898 uasta.
261 859 298 897 Si
321 862 400 909 quis
426 860 579 898 alienam
611 862 655 899 ab
678 861 748 899 hac
775 858 875 896 causa
894 859 1136 908 respirationis
1155 856 1483 897 considerationem
1503 857 1698 897 admiscere

98 919 223 961 volet,
251 919 369 968 adque
389 919 662 968 respirationem
686 932 725 958 ea
756 918 998 968 phaenomena
1024 918 1154 956 referre
1175 946 1187 961 7
1218 917 1348 966 quibus
1375 925 1496 955 motus
1524 919 1699 966 sanguisa

95 978 307 1029 *quiescente
330 977 474 1022 differt,
496 991 579 1017 eum
605 980 758 1030 quidem
787 980 891 1014 unice
915 979 1147 1016 monebimus
1171 1003 1183 1022 ‚
1214 983 1341 1026 praeter
1366 976 1482 1014 solum
1514 978 1671 1014 calorem
1687 1004 1698 1020 ‚

94 1038 224 1085 {omnia
248 1037 387 1086 reliqua
413 1037 654 1086 phaenomena
685 1041 722 1076 in
753 1037 966 1074 animalibus
998 1038 1100 1076 nullo
1133 1038 1313 1085 pulmone
1343 1036 1515 1074 instruc‘iis
1547 1036 1699 1085 perinde

96 1096 276 1147 'reperiri⁹
301 1107 420 1146 neque
449 1097 539 1135 adeo
564 1110 582 1136 a
609 1098 845 1147 respiratione
871 1095 1040 1144 pendere,
1090 1095 1186 1142 Quae
1215 1107 1300 1132 vero
1329 1108 1408 1144 pars
1435 1095 1546 1133 causae
1568 1095 1700 1134 caloris

101 1156 149 1195 ad
177 1155 394 1207 pulmonem
414 1168 433 1194 a
465 1156 568 1194 claris
592 1159 676 1196 viris
705 1157 813 1195 relata
840 1155 889 1192 est
917 1184 926 1198 ,
959 1167 1036 1192 eam
1062 1156 1191 1204 utique
1218 1156 1407 1206 oportebit
1431 1163 1521 1194 tunc
1549 1155 1700 1194 demum

102 1214 311 1265 expendere
328 1243 337 1259 ‚
366 1216 513 1265 quando
533 1216 776 1266 respirationis
797 1215 983 1252 historiam
1010 1214 1185 1252 dabimus.

187 1272 348 1311 Primum
368 1303 378 1317 ‚
409 1275 511 1324 quod
536 1276 677 1324 sanguis
712 1276 846 1315 lentius
873 1282 995 1312 motus
1012 1300 1023 1321 ‚
1055 1283 1115 1312 aut
1144 1273 1329 1324 quiescens
1348 1302 1357 1316 ‚
1386 1279 1446 1311 aut
1472 1274 1601 1313 effusus
1622 1305 1631 1318 ‚
1667 1287 1701 1313 aa

99 1329 239 1377 mittit,
263 1333 299 1369 id
323 1333 472 1382 quidem
498 1335 547 1371 est
559 1331 697 1384 fluida
727 1342 851 1373 natura
884 1362 893 1377 ‚
927 1346 998 1384 qua
1027 1346 1092 1383 per
1124 1334 1199 1371 vasa
1227 1334 1419 1370 ferebatur.
1458 1333 1533 1371 Stat
1563 1335 1660 1372 enim
1688 1361 1702 1380 ⁹

97 1393 155 1430 uti
179 1391 263 1430 alias
290 1392 470 1431 ostensum
498 1394 547 1433 est
573 1421 586 1437 ‚
611 1395 780 1443 gelatinae
804 1393 921 1431 modo
938 1423 948 1437 ,
975 1393 1189 1442 globulique
1211 1392 1249 1430 in
1280 1404 1427 1430 acervos
1450 1394 1698 1442 colliguntur,

99 1452 139 1488 ὃς
164 1452 202 1487 in
227 1451 398 1489 cadavere
432 1451 511 1504 (s)
534 1480 546 1497 ‚
583 1454 618 1490 &
648 1457 685 1492 in
707 1455 852 1493 vasculo
871 1483 879 1498 ,
905 1455 941 1491 in
973 1453 1076 1503 quod
1106 1453 1153 1491 de
1181 1465 1271 1489 vena
1298 1451 1418 1489 missus
1441 1452 1489 1489 est
1519 1451 1598 1504 (t)
1629 1482 1639 1497 ,
1667 1454 1704 1490 δεῖ

101 1510 191 1547 dum
213 1522 332 1548 aerem
352 1510 396 1548 de
424 1524 510 1551 nare
537 1514 609 1551 sani
642 1514 804 1552 hominis
840 1514 1043 1562 percurrit,
1073 1513 1107 1549 ἃ
1140 1513 1176 1548 in
1209 1511 1339 1549 tubulo
1362 1512 1408 1548 de
1441 1512 1594 1550 animale
1615 1511 1704 1562 (u)

98 1569 142 1606 in
168 1570 302 1606 animal
343 1568 553 1618 sanguinem
589 1574 882 1615 transmittente,
925 1573 960 1609 ἃ
988 1573 1024 1608 in
1062 1569 1352 1619 aneurylinatico
1378 1570 1470 1621 (x)
1499 1572 1601 1610 sacco
1623 1602 1632 1615 ,
1666 1574 1703 1610 85

101 1628 140 1664 in
161 1627 281 1675 ligatis
310 1632 444 1667 arteriis
475 1629 573 1681 (y),
603 1632 638 1668 &
671 1632 837 1681 alioquin
869 1630 907 1667 in
933 1631 1095 1667 animalis
1127 1630 1302 1667 debilitati
1329 1629 1415 1668 vasis
1442 1631 1498 1678 (z
1519 1631 1551 1677 >t
1583 1631 1703 1669 Dein-

103 1686 150 1725 de
181 1687 218 1723 in
241 1687 437 1733 cadavere,
468 1693 576 1728 etiarn
606 1692 755 1740 quando
794 1690 937 1738 sanguis
970 1691 1008 1727 in
1043 1690 1149 1726 thron
1170 1690 1234 1726 bos
1273 1700 1348 1726 non
1378 1691 1454 1728 coit
1479 1717 1491 1735 ‚
1527 1690 1605 1728 fluit
1649 1698 1704 1729 ta‘

101 1756 186 1782 men
220 1744 444 1790 lutulentus,
470 1749 688 1799 globulique
724 1751 762 1787 in
787 1750 866 1786 sero
892 1750 988 1801 pigri
1012 1749 1181 1786 labuntur
1210 1746 1312 1801 (a).
1377 1748 1427 1786 Ut
1465 1751 1622 1787 omnino
1657 1761 1704 1789 ex

102 1805 285 1851 sanguinis
311 1804 553 1845 hirundinum
586 1809 796 1847 conservata
826 1807 1001 1846 fluiditate
1029 1811 1161 1846 merito
1194 1809 1480 1852 conduci-smus,
1516 1821 1592 1846 non
1628 1810 1702 1846 abs-

103 1875 173 1913 que
199 1869 304 1901 motu
337 1864 545 1913 sanguinem
579 1867 680 1906 fuiffe
704 1869 719 1920 (
739 1864 809 1916 b),
872 1867 1009 1906 Contra
1033 1868 1183 1905 reddito
1210 1875 1313 1906 motu
1347 1868 1500 1916 coagula
1528 1868 1702 1916 globulo-

1078 1927 1112 1965 N
1134 1939 1158 1964 n
1223 1938 1245 1966 2

186 2036 251 2074 (5)
273 2034 307 2067 L·
334 2040 373 2074 V.
389 2054 420 2082 p.
440 2051 485 2076 16,

186 2078 201 2115 (
215 2085 227 2108 t
240 2080 253 2113 )
275 2080 313 2109 ib.

184 2120 198 2156 (
213 2130 233 2147 u
246 2120 259 2154 )
274 2119 312 2149 ib.

184 2160 257 2194 (x)
284 2171 311 2198 p.
329 2172 375 2193 22.
392 2163 531 2195 Sedecim
551 2164 702 2206 sanguinis
726 2165 858 2205 grllmosl
883 2164 1012 2197 libraein
1036 2167 1279 2206 aneuiysmatico
1309 2168 1396 2200 sacto
1421 2168 1537 2200 alfei-iae
1560 2171 1706 2211 poplireae

102 2200 138 2231 M
160 2212 178 2231 Α
193 2209 216 2231 '1⁴
232 2210 248 2229 Δ
265 2209 310 2230 Νι
333 2205 365 2232 de
396 2205 552 2245 amztrgyfin.
579 2216 610 2244 p.
642 2217 707 2243 135,
730 2208 768 2238 In
796 2209 954 2238 recessibus
979 2208 1097 2238 arteriae
1112 2231 1119 2243 ‚
1147 2219 1204 2248 qua
1229 2211 1348 2250 sanguis
1370 2221 1432 2242 non
1455 2219 1614 2245 movetur,
1635 2214 1708 2243 sem-

103 2252 156 2314 pygil·
189 2240 504 2320 }oa511134geke1·itur.
542 2246 674 2279 Laminae
705 2250 737 2280 in
774 2251 983 2291 aneurysmate
1012 2256 1145 2282 cruentae
1189 2250 1299 2289 Obstru,
1334 2253 1368 2291 of
1387 2265 1404 2283 ,ι
1438 2256 1541 2293 society
1562 2262 1594 2287 at
1614 2255 1708 2287 Lond,

188 2323 259 2361 (y)
284 2323 447 2357 Lancrs
470 2337 502 2367 p.
531 2338 594 2365 124.
617 2332 664 2362 ed,
689 2338 774 2371 1728.

186 2364 262 2402 (2)
287 2377 315 2404 p.
338 2378 386 2399 ιο.

187 2405 262 2443 (a)
290 2407 583 2443 Maszenxus
612 2416 644 2445 de
663 2416 766 2453 polypis
791 2425 820 2455 p.
847 2425 912 2452 130-

187 2444 249 2486 (ὃ)
272 2450 435 2486 Lrswra
456 2454 535 2491 apud
558 2454 798 2488 LGnffium
819 2455 852 2487 in
873 2466 953 2488 oecon.
993 2465 1090 2490 natur.
1118 2469 1144 2498 p.
1177 2469 1212 2494 39
